<?xml version="1.0" encoding="UTF-8" standalone="yes"?><document xmlns:ns2="urn:iso:std:iso:20022:tech:xsd:camt.052.001.06"><BkToCstmrAcctRpt><GrpHdr><MsgId>PB_Umsatzauskunft_KtoNr0549976709_01-12-2019_1816</MsgId><CreDtTm>2019-12-01T18:16:55.802+01:00</CreDtTm><MsgRcpt><Nm>Richard Mcmaster</Nm></MsgRcpt></GrpHdr><Rpt><Id>PB_Umsatzauskunft_KtoNr0549976709_01-12-2019_1816</Id><CreDtTm>2019-12-01T18:16:55.802+01:00</CreDtTm><Acct><Id><IBAN>DE94600100700549976709</IBAN></Id></Acct><Bal><Tp><CdOrPrtry><Cd>CLAV</Cd></CdOrPrtry></Tp><Amt Ccy="EUR">4044.92</Amt><CdtDbtInd>CRDT</CdtDbtInd><Dt><DtTm>2019-12-01T18:16:55.802+01:00</DtTm></Dt></Bal><Ntry><Amt Ccy="EUR">3288.66</Amt><CdtDbtInd>CRDT</CdtDbtInd><Sts>BOOK</Sts><BookgDt><Dt>2019-11-26</Dt></BookgDt><ValDt><Dt>2019-11-26</Dt></ValDt><BkTxCd><Domn><Cd>PMNT</Cd><Fmly><Cd>RCDT</Cd><SubFmlyCd>SALA</SubFmlyCd></Fmly></Domn><Prtry><Cd>NTRF+153</Cd><Issr>DK</Issr></Prtry></BkTxCd><NtryDtls><TxDtls><BkTxCd><Domn><Cd>PMNT</Cd><Fmly><Cd>RCDT</Cd><SubFmlyCd>SALA</SubFmlyCd></Fmly></Domn><Prtry><Cd>NTRF+153</Cd><Issr>DK</Issr></Prtry></BkTxCd><RltdPties><Dbtr><Nm>plista GmbH</Nm></Dbtr><Cdtr><Nm>Richard Mcmaster</Nm></Cdtr></RltdPties><RmtInf><Ustrd>Referenz 6932523980-000082</Ustrd><Ustrd>Verwendungszweck</Ustrd><Ustrd>Lohn - Gehalt Abrechnung 11/2019</Ustrd></RmtInf></TxDtls></NtryDtls></Ntry><Ntry><Amt Ccy="EUR">70.00</Amt><CdtDbtInd>DBIT</CdtDbtInd><Sts>BOOK</Sts><BookgDt><Dt>2019-11-25</Dt></BookgDt><ValDt><Dt>2019-11-25</Dt></ValDt><BkTxCd><Domn><Cd>PMNT</Cd><Fmly><Cd>CNTR</Cd><SubFmlyCd>CWDL</SubFmlyCd></Fmly></Domn><Prtry><Cd>NDDT+083</Cd><Issr>DK</Issr></Prtry></BkTxCd><NtryDtls><TxDtls><BkTxCd><Domn><Cd>PMNT</Cd><Fmly><Cd>CNTR</Cd><SubFmlyCd>CWDL</SubFmlyCd></Fmly></Domn><Prtry><Cd>NDDT+083</Cd><Issr>DK</Issr></Prtry></BkTxCd><RltdPties><Dbtr><Nm>Richard Mcmaster</Nm></Dbtr><Cdtr><Nm></Nm></Cdtr></RltdPties><RmtInf><Ustrd>PGA 55501171 KRT0004/12.20</Ustrd><Ustrd>25.11 16.43 TA-NR. 006056</Ustrd><Ustrd>10961 Berlin Bergmannstr. 7</Ustrd><Ustrd>2</Ustrd></RmtInf></TxDtls></NtryDtls></Ntry><Ntry><Amt Ccy="EUR">9.99</Amt><CdtDbtInd>DBIT</CdtDbtInd><Sts>BOOK</Sts><BookgDt><Dt>2019-11-25</Dt></BookgDt><ValDt><Dt>2019-11-25</Dt></ValDt><BkTxCd><Domn><Cd>PMNT</Cd><Fmly><Cd>RDDT</Cd><SubFmlyCd>ESDD</SubFmlyCd></Fmly></Domn><Prtry><Cd>NDDT+105</Cd><Issr>DK</Issr></Prtry></BkTxCd><NtryDtls><TxDtls><BkTxCd><Domn><Cd>PMNT</Cd><Fmly><Cd>RDDT</Cd><SubFmlyCd>ESDD</SubFmlyCd></Fmly></Domn><Prtry><Cd>NDDT+105</Cd><Issr>DK</Issr></Prtry></BkTxCd><RltdPties><Dbtr><Nm>Richard Mcmaster</Nm></Dbtr><Cdtr><Nm>PayPal (Europe) S.a.r.l. et Cie., S.C.A.</Nm></Cdtr></RltdPties><RmtInf><Ustrd>Referenz 1007210904818 PP.3223.PP P</Ustrd><Ustrd>AYPAL</Ustrd><Ustrd>Mandat 4UAJ224MZLD7U</Ustrd><Ustrd>Einreicher-ID LU96ZZZ00000000000000</Ustrd><Ustrd>00058</Ustrd><Ustrd>PP.3223.PP . GOOGLE, Ihr Einkauf be</Ustrd><Ustrd>i GOOGLE</Ustrd></RmtInf></TxDtls></NtryDtls></Ntry><Ntry><Amt Ccy="EUR">4.50</Amt><CdtDbtInd>DBIT</CdtDbtInd><Sts>BOOK</Sts><BookgDt><Dt>2019-11-22</Dt></BookgDt><ValDt><Dt>2019-11-22</Dt></ValDt><BkTxCd><Domn><Cd>PMNT</Cd><Fmly><Cd>RDDT</Cd><SubFmlyCd>ESDD</SubFmlyCd></Fmly></Domn><Prtry><Cd>NDDT+105</Cd><Issr>DK</Issr></Prtry></BkTxCd><NtryDtls><TxDtls><BkTxCd><Domn><Cd>PMNT</Cd><Fmly><Cd>RDDT</Cd><SubFmlyCd>ESDD</SubFmlyCd></Fmly></Domn><Prtry><Cd>NDDT+105</Cd><Issr>DK</Issr></Prtry></BkTxCd><RltdPties><Dbtr><Nm>Richard Mcmaster</Nm></Dbtr><Cdtr><Nm>Deutsche Bahn Connect GmbH</Nm></Cdtr></RltdPties><RmtInf><Ustrd>Referenz 68242581911131</Ustrd><Ustrd>Mandat 682425800</Ustrd><Ustrd>Einreicher-ID DE89DBR00000002150</Ustrd><Ustrd>See Avis 68242581911131 or:</Ustrd><Ustrd>abweichender Auftraggeber</Ustrd><Ustrd>LIDL-BIKE</Ustrd></RmtInf></TxDtls></NtryDtls></Ntry><Ntry><Amt Ccy="EUR">58.15</Amt><CdtDbtInd>DBIT</CdtDbtInd><Sts>BOOK</Sts><BookgDt><Dt>2019-11-22</Dt></BookgDt><ValDt><Dt>2019-11-22</Dt></ValDt><BkTxCd><Domn><Cd>PMNT</Cd><Fmly><Cd>RDDT</Cd><SubFmlyCd>ESDD</SubFmlyCd></Fmly></Domn><Prtry><Cd>NDDT+105</Cd><Issr>DK</Issr></Prtry></BkTxCd><NtryDtls><TxDtls><BkTxCd><Domn><Cd>PMNT</Cd><Fmly><Cd>RDDT</Cd><SubFmlyCd>ESDD</SubFmlyCd></Fmly></Domn><Prtry><Cd>NDDT+105</Cd><Issr>DK</Issr></Prtry></BkTxCd><RltdPties><Dbtr><Nm>Richard Mcmaster</Nm></Dbtr><Cdtr><Nm>HUK-COBURG UNTERNEHMENSGRUPPE</Nm></Cdtr></RltdPties><RmtInf><Ustrd>Referenz 211+ZKLE 20.11.19 742/0782</Ustrd><Ustrd>30-C-14F</Ustrd><Ustrd>Mandat MS016929634</Ustrd><Ustrd>Einreicher-ID DE17ZZZ00000031285</Ustrd><Ustrd>HUK-COBURG-Allgemeine, PRIVATHAFTPF</Ustrd><Ustrd>LICHT-VERS. 742/078230-C-14</Ustrd><Ustrd>abweichender Auftraggeber</Ustrd><Ustrd>HUK-COBURG-ALLGEMEINE VERSICHERUNG</Ustrd><Ustrd>AG</Ustrd></RmtInf></TxDtls></NtryDtls></Ntry><Ntry><Amt Ccy="EUR">6.99</Amt><CdtDbtInd>DBIT</CdtDbtInd><Sts>BOOK</Sts><BookgDt><Dt>2019-11-20</Dt></BookgDt><ValDt><Dt>2019-11-20</Dt></ValDt><BkTxCd><Domn><Cd>PMNT</Cd><Fmly><Cd>RDDT</Cd><SubFmlyCd>ESDD</SubFmlyCd></Fmly></Domn><Prtry><Cd>NDDT+105</Cd><Issr>DK</Issr></Prtry></BkTxCd><NtryDtls><TxDtls><BkTxCd><Domn><Cd>PMNT</Cd><Fmly><Cd>RDDT</Cd><SubFmlyCd>ESDD</SubFmlyCd></Fmly></Domn><Prtry><Cd>NDDT+105</Cd><Issr>DK</Issr></Prtry></BkTxCd><RltdPties><Dbtr><Nm>Richard Mcmaster</Nm></Dbtr><Cdtr><Nm>PayPal (Europe) S.a.r.l. et Cie., S.C.A.</Nm></Cdtr></RltdPties><RmtInf><Ustrd>Referenz 1007185832440 PP.3223.PP P</Ustrd><Ustrd>AYPAL</Ustrd><Ustrd>Mandat 4UAJ224MZLD7U</Ustrd><Ustrd>Einreicher-ID LU96ZZZ00000000000000</Ustrd><Ustrd>00058</Ustrd><Ustrd>PP.3223.PP . ITUNESAPPST, Ihr Einka</Ustrd><Ustrd>uf bei ITUNESAPPST</Ustrd></RmtInf></TxDtls></NtryDtls></Ntry><Ntry><Amt Ccy="EUR">30.21</Amt><CdtDbtInd>DBIT</CdtDbtInd><Sts>BOOK</Sts><BookgDt><Dt>2019-11-19</Dt></BookgDt><ValDt><Dt>2019-11-19</Dt></ValDt><BkTxCd><Domn><Cd>PMNT</Cd><Fmly><Cd>RDDT</Cd><SubFmlyCd>ESDD</SubFmlyCd></Fmly></Domn><Prtry><Cd>NDDT+105</Cd><Issr>DK</Issr></Prtry></BkTxCd><NtryDtls><TxDtls><BkTxCd><Domn><Cd>PMNT</Cd><Fmly><Cd>RDDT</Cd><SubFmlyCd>ESDD</SubFmlyCd></Fmly></Domn><Prtry><Cd>NDDT+105</Cd><Issr>DK</Issr></Prtry></BkTxCd><RltdPties><Dbtr><Nm>Richard Mcmaster</Nm></Dbtr><Cdtr><Nm>Vodafone GmbH</Nm></Cdtr></RltdPties><RmtInf><Ustrd>Referenz 0000109069486 001349278865</Ustrd><Ustrd>1</Ustrd><Ustrd>Mandat DE04KMMC000109069486T0173751</Ustrd><Ustrd>65</Ustrd><Ustrd>Einreicher-ID DE26ZZZ00000006194</Ustrd><Ustrd>0000109069486 0013492788651 Rechnun</Ustrd><Ustrd>gsnr: 116612584148 Vodafone sagt vi</Ustrd><Ustrd>elen Dank</Ustrd></RmtInf></TxDtls></NtryDtls></Ntry><Ntry><Amt Ccy="EUR">250.00</Amt><CdtDbtInd>DBIT</CdtDbtInd><Sts>BOOK</Sts><BookgDt><Dt>2019-11-18</Dt></BookgDt><ValDt><Dt>2019-11-18</Dt></ValDt><BkTxCd><Domn><Cd>PMNT</Cd><Fmly><Cd>ICDT</Cd><SubFmlyCd>ESCT</SubFmlyCd></Fmly></Domn><Prtry><Cd>NCMI+116</Cd><Issr>DK</Issr></Prtry></BkTxCd><NtryDtls><TxDtls><BkTxCd><Domn><Cd>PMNT</Cd><Fmly><Cd>ICDT</Cd><SubFmlyCd>ESCT</SubFmlyCd></Fmly></Domn><Prtry><Cd>NCMI+116</Cd><Issr>DK</Issr></Prtry></BkTxCd><RltdPties><Dbtr><Nm>Richard Mcmaster</Nm></Dbtr><Cdtr><Nm>RICHARD MCMASTER (N26)</Nm></Cdtr></RltdPties><RmtInf/></TxDtls></NtryDtls></Ntry><Ntry><Amt Ccy="EUR">43.98</Amt><CdtDbtInd>DBIT</CdtDbtInd><Sts>BOOK</Sts><BookgDt><Dt>2019-11-15</Dt></BookgDt><ValDt><Dt>2019-11-15</Dt></ValDt><BkTxCd><Domn><Cd>PMNT</Cd><Fmly><Cd>RDDT</Cd><SubFmlyCd>ESDD</SubFmlyCd></Fmly></Domn><Prtry><Cd>NDDT+105</Cd><Issr>DK</Issr></Prtry></BkTxCd><NtryDtls><TxDtls><BkTxCd><Domn><Cd>PMNT</Cd><Fmly><Cd>RDDT</Cd><SubFmlyCd>ESDD</SubFmlyCd></Fmly></Domn><Prtry><Cd>NDDT+105</Cd><Issr>DK</Issr></Prtry></BkTxCd><RltdPties><Dbtr><Nm>Richard Mcmaster</Nm></Dbtr><Cdtr><Nm>Vodafone Kabel Deutschland GmbH</Nm></Cdtr></RltdPties><RmtInf><Ustrd>Referenz RECHNR. 100678393619</Ustrd><Ustrd>Mandat KD020007705588</Ustrd><Ustrd>Einreicher-ID DE20KD000000058294</Ustrd><Ustrd>11/2019 K-NR. 332339728 Ihre Rechnu</Ustrd><Ustrd>ng online bei www.vodafone.de/meink</Ustrd><Ustrd>abel</Ustrd></RmtInf></TxDtls></NtryDtls></Ntry><Ntry><Amt Ccy="EUR">5.00</Amt><CdtDbtInd>DBIT</CdtDbtInd><Sts>BOOK</Sts><BookgDt><Dt>2019-11-14</Dt></BookgDt><ValDt><Dt>2019-11-14</Dt></ValDt><BkTxCd><Domn><Cd>PMNT</Cd><Fmly><Cd>RDDT</Cd><SubFmlyCd>ESDD</SubFmlyCd></Fmly></Domn><Prtry><Cd>NDDT+105</Cd><Issr>DK</Issr></Prtry></BkTxCd><NtryDtls><TxDtls><BkTxCd><Domn><Cd>PMNT</Cd><Fmly><Cd>RDDT</Cd><SubFmlyCd>ESDD</SubFmlyCd></Fmly></Domn><Prtry><Cd>NDDT+105</Cd><Issr>DK</Issr></Prtry></BkTxCd><RltdPties><Dbtr><Nm>Richard Mcmaster</Nm></Dbtr><Cdtr><Nm>Greenpeace e.V.</Nm></Cdtr></RltdPties><RmtInf><Ustrd>Referenz 15141187</Ustrd><Ustrd>Mandat 2019-11024309</Ustrd><Ustrd>Einreicher-ID DE06GPD00000328012</Ustrd><Ustrd>LX-5310059864-54140612-Foerdererbei</Ustrd><Ustrd>trag Danke.</Ustrd></RmtInf></TxDtls></NtryDtls></Ntry><Ntry><Amt Ccy="EUR">6.61</Amt><CdtDbtInd>DBIT</CdtDbtInd><Sts>BOOK</Sts><BookgDt><Dt>2019-11-12</Dt></BookgDt><ValDt><Dt>2019-11-12</Dt></ValDt><BkTxCd><Domn><Cd>PMNT</Cd><Fmly><Cd>RDDT</Cd><SubFmlyCd>ESDD</SubFmlyCd></Fmly></Domn><Prtry><Cd>NDDT+105</Cd><Issr>DK</Issr></Prtry></BkTxCd><NtryDtls><TxDtls><BkTxCd><Domn><Cd>PMNT</Cd><Fmly><Cd>RDDT</Cd><SubFmlyCd>ESDD</SubFmlyCd></Fmly></Domn><Prtry><Cd>NDDT+105</Cd><Issr>DK</Issr></Prtry></BkTxCd><RltdPties><Dbtr><Nm>Richard Mcmaster</Nm></Dbtr><Cdtr><Nm>PayPal (Europe) S.a.r.l. et Cie., S.C.A.</Nm></Cdtr></RltdPties><RmtInf><Ustrd>Referenz 1007092606794 PP.3223.PP P</Ustrd><Ustrd>AYPAL</Ustrd><Ustrd>Mandat 4UAJ224MZLD7U</Ustrd><Ustrd>Einreicher-ID LU96ZZZ00000000000000</Ustrd><Ustrd>00058</Ustrd><Ustrd>PP.3223.PP . GITHUB INC, Ihr Einkau</Ustrd><Ustrd>f bei GITHUB INC</Ustrd></RmtInf></TxDtls></NtryDtls></Ntry><Ntry><Amt Ccy="EUR">2.99</Amt><CdtDbtInd>DBIT</CdtDbtInd><Sts>BOOK</Sts><BookgDt><Dt>2019-11-12</Dt></BookgDt><ValDt><Dt>2019-11-12</Dt></ValDt><BkTxCd><Domn><Cd>PMNT</Cd><Fmly><Cd>RDDT</Cd><SubFmlyCd>ESDD</SubFmlyCd></Fmly></Domn><Prtry><Cd>NDDT+105</Cd><Issr>DK</Issr></Prtry></BkTxCd><NtryDtls><TxDtls><BkTxCd><Domn><Cd>PMNT</Cd><Fmly><Cd>RDDT</Cd><SubFmlyCd>ESDD</SubFmlyCd></Fmly></Domn><Prtry><Cd>NDDT+105</Cd><Issr>DK</Issr></Prtry></BkTxCd><RltdPties><Dbtr><Nm>Richard Mcmaster</Nm></Dbtr><Cdtr><Nm>PayPal (Europe) S.a.r.l. et Cie., S.C.A.</Nm></Cdtr></RltdPties><RmtInf><Ustrd>Referenz 1007114045419 PP.3223.PP P</Ustrd><Ustrd>AYPAL</Ustrd><Ustrd>Mandat 4UAJ224MZLD7U</Ustrd><Ustrd>Einreicher-ID LU96ZZZ00000000000000</Ustrd><Ustrd>00058</Ustrd><Ustrd>PP.3223.PP . ITUNESAPPST, Ihr Einka</Ustrd><Ustrd>uf bei ITUNESAPPST</Ustrd></RmtInf></TxDtls></NtryDtls></Ntry><Ntry><Amt Ccy="EUR">29.99</Amt><CdtDbtInd>DBIT</CdtDbtInd><Sts>BOOK</Sts><BookgDt><Dt>2019-11-12</Dt></BookgDt><ValDt><Dt>2019-11-12</Dt></ValDt><BkTxCd><Domn><Cd>PMNT</Cd><Fmly><Cd>RDDT</Cd><SubFmlyCd>ESDD</SubFmlyCd></Fmly></Domn><Prtry><Cd>NDDT+105</Cd><Issr>DK</Issr></Prtry></BkTxCd><NtryDtls><TxDtls><BkTxCd><Domn><Cd>PMNT</Cd><Fmly><Cd>RDDT</Cd><SubFmlyCd>ESDD</SubFmlyCd></Fmly></Domn><Prtry><Cd>NDDT+105</Cd><Issr>DK</Issr></Prtry></BkTxCd><RltdPties><Dbtr><Nm>Richard Mcmaster</Nm></Dbtr><Cdtr><Nm>PayPal (Europe) S.a.r.l. et Cie., S.C.A.</Nm></Cdtr></RltdPties><RmtInf><Ustrd>Referenz 1007112572312 PP.3223.PP P</Ustrd><Ustrd>AYPAL</Ustrd><Ustrd>Mandat 4UAJ224MZLD7U</Ustrd><Ustrd>Einreicher-ID LU96ZZZ00000000000000</Ustrd><Ustrd>00058</Ustrd><Ustrd>PP.3223.PP . ITUNESAPPST, Ihr Einka</Ustrd><Ustrd>uf bei ITUNESAPPST</Ustrd></RmtInf></TxDtls></NtryDtls></Ntry><Ntry><Amt Ccy="EUR">7.90</Amt><CdtDbtInd>DBIT</CdtDbtInd><Sts>BOOK</Sts><BookgDt><Dt>2019-11-12</Dt></BookgDt><ValDt><Dt>2019-11-12</Dt></ValDt><BkTxCd><Domn><Cd>PMNT</Cd><Fmly><Cd>RDDT</Cd><SubFmlyCd>ESDD</SubFmlyCd></Fmly></Domn><Prtry><Cd>NDDT+105</Cd><Issr>DK</Issr></Prtry></BkTxCd><NtryDtls><TxDtls><BkTxCd><Domn><Cd>PMNT</Cd><Fmly><Cd>RDDT</Cd><SubFmlyCd>ESDD</SubFmlyCd></Fmly></Domn><Prtry><Cd>NDDT+105</Cd><Issr>DK</Issr></Prtry></BkTxCd><RltdPties><Dbtr><Nm>Richard Mcmaster</Nm></Dbtr><Cdtr><Nm>PayPal (Europe) S.a.r.l. et Cie., S.C.A.</Nm></Cdtr></RltdPties><RmtInf><Ustrd>Referenz 1007098142227 PP.3223.PP P</Ustrd><Ustrd>AYPAL</Ustrd><Ustrd>Mandat 4UAJ224MZLD7U</Ustrd><Ustrd>Einreicher-ID LU96ZZZ00000000000000</Ustrd><Ustrd>00058</Ustrd><Ustrd>PP.3223.PP . MAXIMUSICSH, Ihr Einka</Ustrd><Ustrd>uf bei MAXIMUSICSH</Ustrd></RmtInf></TxDtls></NtryDtls></Ntry><Ntry><Amt Ccy="EUR">2.50</Amt><CdtDbtInd>DBIT</CdtDbtInd><Sts>BOOK</Sts><BookgDt><Dt>2019-11-08</Dt></BookgDt><ValDt><Dt>2019-11-08</Dt></ValDt><BkTxCd><Domn><Cd>PMNT</Cd><Fmly><Cd>RDDT</Cd><SubFmlyCd>ESDD</SubFmlyCd></Fmly></Domn><Prtry><Cd>NDDT+105</Cd><Issr>DK</Issr></Prtry></BkTxCd><NtryDtls><TxDtls><BkTxCd><Domn><Cd>PMNT</Cd><Fmly><Cd>RDDT</Cd><SubFmlyCd>ESDD</SubFmlyCd></Fmly></Domn><Prtry><Cd>NDDT+105</Cd><Issr>DK</Issr></Prtry></BkTxCd><RltdPties><Dbtr><Nm>Richard Mcmaster</Nm></Dbtr><Cdtr><Nm>Deutsche Bahn Connect GmbH</Nm></Cdtr></RltdPties><RmtInf><Ustrd>Referenz 68242581910301</Ustrd><Ustrd>Mandat 682425800</Ustrd><Ustrd>Einreicher-ID DE89DBR00000002150</Ustrd><Ustrd>See Avis 68242581910301 or:</Ustrd><Ustrd>abweichender Auftraggeber</Ustrd><Ustrd>LIDL-BIKE</Ustrd></RmtInf></TxDtls></NtryDtls></Ntry><Ntry><Amt Ccy="EUR">18.17</Amt><CdtDbtInd>DBIT</CdtDbtInd><Sts>BOOK</Sts><BookgDt><Dt>2019-11-07</Dt></BookgDt><ValDt><Dt>2019-11-07</Dt></ValDt><BkTxCd><Domn><Cd>PMNT</Cd><Fmly><Cd>CCRD</Cd><SubFmlyCd>OTHR</SubFmlyCd></Fmly></Domn><Prtry><Cd>NDDT+106</Cd><Issr>DK</Issr></Prtry></BkTxCd><NtryDtls><TxDtls><BkTxCd><Domn><Cd>PMNT</Cd><Fmly><Cd>CCRD</Cd><SubFmlyCd>OTHR</SubFmlyCd></Fmly></Domn><Prtry><Cd>NDDT+106</Cd><Issr>DK</Issr></Prtry></BkTxCd><RltdPties><Dbtr><Nm>Richard Mcmaster</Nm></Dbtr><Cdtr><Nm>REWE Markt GmbH</Nm></Cdtr></RltdPties><RmtInf><Ustrd>Referenz 56034355267473061119190448</Ustrd><Ustrd>Mandat OFFLINE</Ustrd><Ustrd>Einreicher-ID DE58ZZZ00000257236</Ustrd><Ustrd>REWE SAGT DANKE. 42402506//Berlin F</Ustrd><Ustrd>riedrich/DE</Ustrd><Ustrd>Terminal 56034355</Ustrd><Ustrd>2019-11-06T19:04:48</Ustrd><Ustrd>Folgenr. 04 Verfalld. 2012</Ustrd></RmtInf></TxDtls></NtryDtls></Ntry><Ntry><Amt Ccy="EUR">6.00</Amt><CdtDbtInd>DBIT</CdtDbtInd><Sts>BOOK</Sts><BookgDt><Dt>2019-11-06</Dt></BookgDt><ValDt><Dt>2019-11-06</Dt></ValDt><BkTxCd><Domn><Cd>PMNT</Cd><Fmly><Cd>RDDT</Cd><SubFmlyCd>ESDD</SubFmlyCd></Fmly></Domn><Prtry><Cd>NDDT+105</Cd><Issr>DK</Issr></Prtry></BkTxCd><NtryDtls><TxDtls><BkTxCd><Domn><Cd>PMNT</Cd><Fmly><Cd>RDDT</Cd><SubFmlyCd>ESDD</SubFmlyCd></Fmly></Domn><Prtry><Cd>NDDT+105</Cd><Issr>DK</Issr></Prtry></BkTxCd><RltdPties><Dbtr><Nm>Richard Mcmaster</Nm></Dbtr><Cdtr><Nm>atmosfair gGmbH</Nm></Cdtr></RltdPties><RmtInf><Ustrd>Referenz 23A9A8C36E</Ustrd><Ustrd>Mandat T000011357-10164134632019110</Ustrd><Ustrd>3062605</Ustrd><Ustrd>Einreicher-ID DE62ZZZ00000060933</Ustrd><Ustrd>23A9A8C36E atmosfair gGmbH Berlin C</Ustrd><Ustrd>limate protection contribution atmo</Ustrd><Ustrd>sfair AX1000307888</Ustrd></RmtInf></TxDtls></NtryDtls></Ntry><Ntry><Amt Ccy="EUR">351.84</Amt><CdtDbtInd>CRDT</CdtDbtInd><Sts>BOOK</Sts><BookgDt><Dt>2019-11-05</Dt></BookgDt><ValDt><Dt>2019-11-05</Dt></ValDt><BkTxCd><Domn><Cd>PMNT</Cd><Fmly><Cd>RCDT</Cd><SubFmlyCd>ESCT</SubFmlyCd></Fmly></Domn><Prtry><Cd>NTRF+166</Cd><Issr>DK</Issr></Prtry></BkTxCd><NtryDtls><TxDtls><BkTxCd><Domn><Cd>PMNT</Cd><Fmly><Cd>RCDT</Cd><SubFmlyCd>ESCT</SubFmlyCd></Fmly></Domn><Prtry><Cd>NTRF+166</Cd><Issr>DK</Issr></Prtry></BkTxCd><RltdPties><Dbtr><Nm>Thomas Howey</Nm></Dbtr><Cdtr><Nm>Richard Mcmaster</Nm></Cdtr></RltdPties><RmtInf><Ustrd>Referenz 378e96935a2c44dbb4a47e84f9</Ustrd><Ustrd>9ddbc2</Ustrd><Ustrd>Verwendungszweck</Ustrd><Ustrd>Internets</Ustrd></RmtInf></TxDtls></NtryDtls></Ntry><Ntry><Amt Ccy="EUR">9.99</Amt><CdtDbtInd>DBIT</CdtDbtInd><Sts>BOOK</Sts><BookgDt><Dt>2019-11-05</Dt></BookgDt><ValDt><Dt>2019-11-05</Dt></ValDt><BkTxCd><Domn><Cd>PMNT</Cd><Fmly><Cd>RDDT</Cd><SubFmlyCd>ESDD</SubFmlyCd></Fmly></Domn><Prtry><Cd>NDDT+105</Cd><Issr>DK</Issr></Prtry></BkTxCd><NtryDtls><TxDtls><BkTxCd><Domn><Cd>PMNT</Cd><Fmly><Cd>RDDT</Cd><SubFmlyCd>ESDD</SubFmlyCd></Fmly></Domn><Prtry><Cd>NDDT+105</Cd><Issr>DK</Issr></Prtry></BkTxCd><RltdPties><Dbtr><Nm>Richard Mcmaster</Nm></Dbtr><Cdtr><Nm>SPOTIFY</Nm></Cdtr></RltdPties><RmtInf><Ustrd>Referenz C1315726170544174C</Ustrd><Ustrd>Mandat 1515095450503914</Ustrd><Ustrd>Einreicher-ID NL74ZZZ342764500017</Ustrd><Ustrd>Spotify P0D5679FDA</Ustrd><Ustrd>abweichender Auftraggeber</Ustrd><Ustrd>Spotify</Ustrd></RmtInf></TxDtls></NtryDtls></Ntry><Ntry><Amt Ccy="EUR">39.08</Amt><CdtDbtInd>DBIT</CdtDbtInd><Sts>BOOK</Sts><BookgDt><Dt>2019-11-04</Dt></BookgDt><ValDt><Dt>2019-11-04</Dt></ValDt><BkTxCd><Domn><Cd>PMNT</Cd><Fmly><Cd>CCRD</Cd><SubFmlyCd>OTHR</SubFmlyCd></Fmly></Domn><Prtry><Cd>NDDT+106</Cd><Issr>DK</Issr></Prtry></BkTxCd><NtryDtls><TxDtls><BkTxCd><Domn><Cd>PMNT</Cd><Fmly><Cd>CCRD</Cd><SubFmlyCd>OTHR</SubFmlyCd></Fmly></Domn><Prtry><Cd>NDDT+106</Cd><Issr>DK</Issr></Prtry></BkTxCd><RltdPties><Dbtr><Nm>Richard Mcmaster</Nm></Dbtr><Cdtr><Nm>DENNS BIOMARKT BERLIN</Nm></Cdtr></RltdPties><RmtInf><Ustrd>Referenz 61440296223473021119175244</Ustrd><Ustrd>Mandat OFFLINE</Ustrd><Ustrd>Einreicher-ID DE22ZZZ00000151669</Ustrd><Ustrd>denns Biomarkt//Berlin/DE</Ustrd><Ustrd>Terminal 61440296</Ustrd><Ustrd>2019-11-02T17:52:44</Ustrd><Ustrd>Folgenr. 04 Verfalld. 2012</Ustrd></RmtInf></TxDtls></NtryDtls></Ntry><Ntry><Amt Ccy="EUR">5.75</Amt><CdtDbtInd>DBIT</CdtDbtInd><Sts>BOOK</Sts><BookgDt><Dt>2019-11-04</Dt></BookgDt><ValDt><Dt>2019-11-04</Dt></ValDt><BkTxCd><Domn><Cd>PMNT</Cd><Fmly><Cd>CCRD</Cd><SubFmlyCd>OTHR</SubFmlyCd></Fmly></Domn><Prtry><Cd>NDDT+107</Cd><Issr>DK</Issr></Prtry></BkTxCd><NtryDtls><TxDtls><BkTxCd><Domn><Cd>PMNT</Cd><Fmly><Cd>CCRD</Cd><SubFmlyCd>OTHR</SubFmlyCd></Fmly></Domn><Prtry><Cd>NDDT+107</Cd><Issr>DK</Issr></Prtry></BkTxCd><RltdPties><Dbtr><Nm>Richard Mcmaster</Nm></Dbtr><Cdtr><Nm>ROSSMANN VIELEN DANK</Nm></Cdtr></RltdPties><RmtInf><Ustrd>Referenz 31101459407917720121000431</Ustrd><Ustrd>065316329</Ustrd><Ustrd>Mandat 6531632966821910311459</Ustrd><Ustrd>Einreicher-ID DE16ZZZ00000020245</Ustrd><Ustrd>311014594079177201210004310 ELV6531</Ustrd><Ustrd>6329 31.10 14.59 ME4</Ustrd></RmtInf></TxDtls></NtryDtls></Ntry><Ntry><Amt Ccy="EUR">61.78</Amt><CdtDbtInd>DBIT</CdtDbtInd><Sts>BOOK</Sts><BookgDt><Dt>2019-11-04</Dt></BookgDt><ValDt><Dt>2019-11-04</Dt></ValDt><BkTxCd><Domn><Cd>PMNT</Cd><Fmly><Cd>RDDT</Cd><SubFmlyCd>ESDD</SubFmlyCd></Fmly></Domn><Prtry><Cd>NDDT+105</Cd><Issr>DK</Issr></Prtry></BkTxCd><NtryDtls><TxDtls><BkTxCd><Domn><Cd>PMNT</Cd><Fmly><Cd>RDDT</Cd><SubFmlyCd>ESDD</SubFmlyCd></Fmly></Domn><Prtry><Cd>NDDT+105</Cd><Issr>DK</Issr></Prtry></BkTxCd><RltdPties><Dbtr><Nm>Richard Mcmaster</Nm></Dbtr><Cdtr><Nm>PayPal (Europe) S.a.r.l. et Cie., S.C.A.</Nm></Cdtr></RltdPties><RmtInf><Ustrd>Referenz 1007019135195 PAYPAL</Ustrd><Ustrd>Mandat 4UAJ224MZLD7U</Ustrd><Ustrd>Einreicher-ID LU96ZZZ00000000000000</Ustrd><Ustrd>00058</Ustrd><Ustrd>. REWEMARKTGM, Ihr Einkauf bei REWE</Ustrd><Ustrd>MARKTGM</Ustrd></RmtInf></TxDtls></NtryDtls></Ntry><Ntry><Amt Ccy="EUR">39.14</Amt><CdtDbtInd>DBIT</CdtDbtInd><Sts>BOOK</Sts><BookgDt><Dt>2019-11-04</Dt></BookgDt><ValDt><Dt>2019-11-04</Dt></ValDt><BkTxCd><Domn><Cd>PMNT</Cd><Fmly><Cd>RDDT</Cd><SubFmlyCd>ESDD</SubFmlyCd></Fmly></Domn><Prtry><Cd>NDDT+105</Cd><Issr>DK</Issr></Prtry></BkTxCd><NtryDtls><TxDtls><BkTxCd><Domn><Cd>PMNT</Cd><Fmly><Cd>RDDT</Cd><SubFmlyCd>ESDD</SubFmlyCd></Fmly></Domn><Prtry><Cd>NDDT+105</Cd><Issr>DK</Issr></Prtry></BkTxCd><RltdPties><Dbtr><Nm>Richard Mcmaster</Nm></Dbtr><Cdtr><Nm>HDI Lebensversicherung AG</Nm></Cdtr></RltdPties><RmtInf><Ustrd>Referenz 040028961898</Ustrd><Ustrd>Mandat M-200-004-894-652-4</Ustrd><Ustrd>Einreicher-ID DE74ZZZ00000051890</Ustrd><Ustrd>40-013288538/HDI Leben/Forderung11/</Ustrd><Ustrd>19</Ustrd></RmtInf></TxDtls></NtryDtls></Ntry><Ntry><Amt Ccy="EUR">238.40</Amt><CdtDbtInd>DBIT</CdtDbtInd><Sts>BOOK</Sts><BookgDt><Dt>2019-11-01</Dt></BookgDt><ValDt><Dt>2019-11-01</Dt></ValDt><BkTxCd><Domn><Cd>PMNT</Cd><Fmly><Cd>RDDT</Cd><SubFmlyCd>ESDD</SubFmlyCd></Fmly></Domn><Prtry><Cd>NDDT+105</Cd><Issr>DK</Issr></Prtry></BkTxCd><NtryDtls><TxDtls><BkTxCd><Domn><Cd>PMNT</Cd><Fmly><Cd>RDDT</Cd><SubFmlyCd>ESDD</SubFmlyCd></Fmly></Domn><Prtry><Cd>NDDT+105</Cd><Issr>DK</Issr></Prtry></BkTxCd><RltdPties><Dbtr><Nm>Richard Mcmaster</Nm></Dbtr><Cdtr><Nm>Mcmaster Richard</Nm></Cdtr></RltdPties><RmtInf><Ustrd>Referenz 201097141/1</Ustrd><Ustrd>Mandat 000053176000001</Ustrd><Ustrd>Einreicher-ID DE08ZZZ00000011659</Ustrd><Ustrd>CONSORS FINANZ VERTRAGS-NR. ESN 531</Ustrd><Ustrd>7602016ABBUCHUNG PER 1.11.2019</Ustrd></RmtInf></TxDtls></NtryDtls></Ntry><Ntry><Amt Ccy="EUR">134.07</Amt><CdtDbtInd>DBIT</CdtDbtInd><Sts>BOOK</Sts><BookgDt><Dt>2019-11-01</Dt></BookgDt><ValDt><Dt>2019-11-01</Dt></ValDt><BkTxCd><Domn><Cd>PMNT</Cd><Fmly><Cd>ICDT</Cd><SubFmlyCd>STDO</SubFmlyCd></Fmly></Domn><Prtry><Cd>NCMI+117</Cd><Issr>DK</Issr></Prtry></BkTxCd><NtryDtls><TxDtls><BkTxCd><Domn><Cd>PMNT</Cd><Fmly><Cd>ICDT</Cd><SubFmlyCd>STDO</SubFmlyCd></Fmly></Domn><Prtry><Cd>NCMI+117</Cd><Issr>DK</Issr></Prtry></BkTxCd><RltdPties><Dbtr><Nm>Richard Mcmaster</Nm></Dbtr><Cdtr><Nm>MEDISERV</Nm></Cdtr></RltdPties><RmtInf><Ustrd>X664847826</Ustrd></RmtInf></TxDtls></NtryDtls></Ntry><Ntry><Amt Ccy="EUR">500.00</Amt><CdtDbtInd>DBIT</CdtDbtInd><Sts>BOOK</Sts><BookgDt><Dt>2019-11-01</Dt></BookgDt><ValDt><Dt>2019-11-01</Dt></ValDt><BkTxCd><Domn><Cd>PMNT</Cd><Fmly><Cd>ICDT</Cd><SubFmlyCd>STDO</SubFmlyCd></Fmly></Domn><Prtry><Cd>NCMI+117</Cd><Issr>DK</Issr></Prtry></BkTxCd><NtryDtls><TxDtls><BkTxCd><Domn><Cd>PMNT</Cd><Fmly><Cd>ICDT</Cd><SubFmlyCd>STDO</SubFmlyCd></Fmly></Domn><Prtry><Cd>NCMI+117</Cd><Issr>DK</Issr></Prtry></BkTxCd><RltdPties><Dbtr><Nm>Richard Mcmaster</Nm></Dbtr><Cdtr><Nm>RICHARD MCMASTER (TAGESGELD)</Nm></Cdtr></RltdPties><RmtInf/></TxDtls></NtryDtls></Ntry><Ntry><Amt Ccy="EUR">400.00</Amt><CdtDbtInd>DBIT</CdtDbtInd><Sts>BOOK</Sts><BookgDt><Dt>2019-11-01</Dt></BookgDt><ValDt><Dt>2019-11-01</Dt></ValDt><BkTxCd><Domn><Cd>PMNT</Cd><Fmly><Cd>ICDT</Cd><SubFmlyCd>STDO</SubFmlyCd></Fmly></Domn><Prtry><Cd>NCMI+117</Cd><Issr>DK</Issr></Prtry></BkTxCd><NtryDtls><TxDtls><BkTxCd><Domn><Cd>PMNT</Cd><Fmly><Cd>ICDT</Cd><SubFmlyCd>STDO</SubFmlyCd></Fmly></Domn><Prtry><Cd>NCMI+117</Cd><Issr>DK</Issr></Prtry></BkTxCd><RltdPties><Dbtr><Nm>Richard Mcmaster</Nm></Dbtr><Cdtr><Nm>RICHARD MCMASTER (N26)</Nm></Cdtr></RltdPties><RmtInf><Ustrd>TRANSFER FROM POSTBANK</Ustrd></RmtInf></TxDtls></NtryDtls></Ntry><Ntry><Amt Ccy="EUR">425.00</Amt><CdtDbtInd>DBIT</CdtDbtInd><Sts>BOOK</Sts><BookgDt><Dt>2019-11-01</Dt></BookgDt><ValDt><Dt>2019-11-01</Dt></ValDt><BkTxCd><Domn><Cd>PMNT</Cd><Fmly><Cd>ICDT</Cd><SubFmlyCd>STDO</SubFmlyCd></Fmly></Domn><Prtry><Cd>NCMI+117</Cd><Issr>DK</Issr></Prtry></BkTxCd><NtryDtls><TxDtls><BkTxCd><Domn><Cd>PMNT</Cd><Fmly><Cd>ICDT</Cd><SubFmlyCd>STDO</SubFmlyCd></Fmly></Domn><Prtry><Cd>NCMI+117</Cd><Issr>DK</Issr></Prtry></BkTxCd><RltdPties><Dbtr><Nm>Richard Mcmaster</Nm></Dbtr><Cdtr><Nm>CLAUDIA WOLF</Nm></Cdtr></RltdPties><RmtInf><Ustrd>MIETE</Ustrd></RmtInf></TxDtls></NtryDtls></Ntry><Ntry><Amt Ccy="EUR">830.00</Amt><CdtDbtInd>DBIT</CdtDbtInd><Sts>BOOK</Sts><BookgDt><Dt>2019-10-31</Dt></BookgDt><ValDt><Dt>2019-10-31</Dt></ValDt><BkTxCd><Domn><Cd>LDAS</Cd><Fmly><Cd>FTLN</Cd><SubFmlyCd>OTHR</SubFmlyCd></Fmly></Domn><Prtry><Cd>NCMI+601</Cd><Issr>DK</Issr></Prtry></BkTxCd><NtryDtls><TxDtls><BkTxCd><Domn><Cd>LDAS</Cd><Fmly><Cd>FTLN</Cd><SubFmlyCd>OTHR</SubFmlyCd></Fmly></Domn><Prtry><Cd>NCMI+601</Cd><Issr>DK</Issr></Prtry></BkTxCd><RltdPties><Dbtr><Nm>Richard Mcmaster</Nm></Dbtr><Cdtr><Nm>Postbank NDL DB PFK</Nm></Cdtr></RltdPties><RmtInf><Ustrd>Referenz 60322491022019</Ustrd><Ustrd>Ratenkredit 1035716633, Leistungen</Ustrd><Ustrd>zum 31.10.2019</Ustrd></RmtInf></TxDtls></NtryDtls></Ntry><Ntry><Amt Ccy="EUR">9.37</Amt><CdtDbtInd>DBIT</CdtDbtInd><Sts>BOOK</Sts><BookgDt><Dt>2019-10-31</Dt></BookgDt><ValDt><Dt>2019-10-31</Dt></ValDt><BkTxCd><Domn><Cd>PMNT</Cd><Fmly><Cd>RDDT</Cd><SubFmlyCd>ESDD</SubFmlyCd></Fmly></Domn><Prtry><Cd>NDDT+105</Cd><Issr>DK</Issr></Prtry></BkTxCd><NtryDtls><TxDtls><BkTxCd><Domn><Cd>PMNT</Cd><Fmly><Cd>RDDT</Cd><SubFmlyCd>ESDD</SubFmlyCd></Fmly></Domn><Prtry><Cd>NDDT+105</Cd><Issr>DK</Issr></Prtry></BkTxCd><RltdPties><Dbtr><Nm>Richard Mcmaster</Nm></Dbtr><Cdtr><Nm>PayPal (Europe) S.a.r.l. et Cie., S.C.A.</Nm></Cdtr></RltdPties><RmtInf><Ustrd>Referenz 1007002817433 PP.3223.PP P</Ustrd><Ustrd>AYPAL</Ustrd><Ustrd>Mandat 4UAJ224MZLD7U</Ustrd><Ustrd>Einreicher-ID LU96ZZZ00000000000000</Ustrd><Ustrd>00058</Ustrd><Ustrd>PP.3223.PP . PACKTPUBLIS, Ihr Einka</Ustrd><Ustrd>uf bei PACKTPUBLIS</Ustrd></RmtInf></TxDtls></NtryDtls></Ntry><Ntry><Amt Ccy="EUR">4.49</Amt><CdtDbtInd>DBIT</CdtDbtInd><Sts>BOOK</Sts><BookgDt><Dt>2019-10-29</Dt></BookgDt><ValDt><Dt>2019-10-29</Dt></ValDt><BkTxCd><Domn><Cd>PMNT</Cd><Fmly><Cd>RDDT</Cd><SubFmlyCd>ESDD</SubFmlyCd></Fmly></Domn><Prtry><Cd>NDDT+105</Cd><Issr>DK</Issr></Prtry></BkTxCd><NtryDtls><TxDtls><BkTxCd><Domn><Cd>PMNT</Cd><Fmly><Cd>RDDT</Cd><SubFmlyCd>ESDD</SubFmlyCd></Fmly></Domn><Prtry><Cd>NDDT+105</Cd><Issr>DK</Issr></Prtry></BkTxCd><RltdPties><Dbtr><Nm>Richard Mcmaster</Nm></Dbtr><Cdtr><Nm>PayPal (Europe) S.a.r.l. et Cie., S.C.A.</Nm></Cdtr></RltdPties><RmtInf><Ustrd>Referenz 1006979712252 PAYPAL</Ustrd><Ustrd>Mandat 4UAJ224MZLD7U</Ustrd><Ustrd>Einreicher-ID LU96ZZZ00000000000000</Ustrd><Ustrd>00058</Ustrd><Ustrd>. EBAY, Ihr Einkauf bei EBAY</Ustrd></RmtInf></TxDtls></NtryDtls></Ntry><Ntry><Amt Ccy="EUR">68.53</Amt><CdtDbtInd>DBIT</CdtDbtInd><Sts>BOOK</Sts><BookgDt><Dt>2019-10-28</Dt></BookgDt><ValDt><Dt>2019-10-28</Dt></ValDt><BkTxCd><Domn><Cd>PMNT</Cd><Fmly><Cd>CCRD</Cd><SubFmlyCd>OTHR</SubFmlyCd></Fmly></Domn><Prtry><Cd>NDDT+106</Cd><Issr>DK</Issr></Prtry></BkTxCd><NtryDtls><TxDtls><BkTxCd><Domn><Cd>PMNT</Cd><Fmly><Cd>CCRD</Cd><SubFmlyCd>OTHR</SubFmlyCd></Fmly></Domn><Prtry><Cd>NDDT+106</Cd><Issr>DK</Issr></Prtry></BkTxCd><RltdPties><Dbtr><Nm>Richard Mcmaster</Nm></Dbtr><Cdtr><Nm>REWE Markt GmbH</Nm></Cdtr></RltdPties><RmtInf><Ustrd>Referenz 56004948327684261019223620</Ustrd><Ustrd>Mandat OFFLINE</Ustrd><Ustrd>Einreicher-ID DE58ZZZ00000257236</Ustrd><Ustrd>REWE SAGT DANKE. 42400775//Berlin N</Ustrd><Ustrd>eukoelln/DE</Ustrd><Ustrd>Terminal 56004948</Ustrd><Ustrd>2019-10-26T22:36:20</Ustrd><Ustrd>Folgenr. 04 Verfalld. 2012</Ustrd></RmtInf></TxDtls></NtryDtls></Ntry><Ntry><Amt Ccy="EUR">292.70</Amt><CdtDbtInd>DBIT</CdtDbtInd><Sts>BOOK</Sts><BookgDt><Dt>2019-10-28</Dt></BookgDt><ValDt><Dt>2019-10-28</Dt></ValDt><BkTxCd><Domn><Cd>PMNT</Cd><Fmly><Cd>CCRD</Cd><SubFmlyCd>OTHR</SubFmlyCd></Fmly></Domn><Prtry><Cd>NDDT+106</Cd><Issr>DK</Issr></Prtry></BkTxCd><NtryDtls><TxDtls><BkTxCd><Domn><Cd>PMNT</Cd><Fmly><Cd>CCRD</Cd><SubFmlyCd>OTHR</SubFmlyCd></Fmly></Domn><Prtry><Cd>NDDT+106</Cd><Issr>DK</Issr></Prtry></BkTxCd><RltdPties><Dbtr><Nm>Richard Mcmaster</Nm></Dbtr><Cdtr><Nm>UNIQLO STORE BERLIN VI</Nm></Cdtr></RltdPties><RmtInf><Ustrd>Referenz 65127063025318261019175055</Ustrd><Ustrd>Mandat OFFLINE</Ustrd><Ustrd>Einreicher-ID DE16ZZZ00000020245</Ustrd><Ustrd>UNIQLO EUROPE LTD.//BERLIN/DE</Ustrd><Ustrd>Terminal 65127063</Ustrd><Ustrd>2019-10-26T17:50:55</Ustrd><Ustrd>Folgenr. 04 Verfalld. 2012</Ustrd></RmtInf></TxDtls></NtryDtls></Ntry><Ntry><Amt Ccy="EUR">3294.66</Amt><CdtDbtInd>CRDT</CdtDbtInd><Sts>BOOK</Sts><BookgDt><Dt>2019-10-28</Dt></BookgDt><ValDt><Dt>2019-10-28</Dt></ValDt><BkTxCd><Domn><Cd>PMNT</Cd><Fmly><Cd>RCDT</Cd><SubFmlyCd>SALA</SubFmlyCd></Fmly></Domn><Prtry><Cd>NTRF+153</Cd><Issr>DK</Issr></Prtry></BkTxCd><NtryDtls><TxDtls><BkTxCd><Domn><Cd>PMNT</Cd><Fmly><Cd>RCDT</Cd><SubFmlyCd>SALA</SubFmlyCd></Fmly></Domn><Prtry><Cd>NTRF+153</Cd><Issr>DK</Issr></Prtry></BkTxCd><RltdPties><Dbtr><Nm>plista GmbH</Nm></Dbtr><Cdtr><Nm>Richard Mcmaster</Nm></Cdtr></RltdPties><RmtInf><Ustrd>Referenz 6929706571-000084</Ustrd><Ustrd>Verwendungszweck</Ustrd><Ustrd>Lohn - Gehalt Abrechnung 10/2019</Ustrd></RmtInf></TxDtls></NtryDtls></Ntry><Ntry><Amt Ccy="EUR">9.99</Amt><CdtDbtInd>DBIT</CdtDbtInd><Sts>BOOK</Sts><BookgDt><Dt>2019-10-23</Dt></BookgDt><ValDt><Dt>2019-10-23</Dt></ValDt><BkTxCd><Domn><Cd>PMNT</Cd><Fmly><Cd>RDDT</Cd><SubFmlyCd>ESDD</SubFmlyCd></Fmly></Domn><Prtry><Cd>NDDT+105</Cd><Issr>DK</Issr></Prtry></BkTxCd><NtryDtls><TxDtls><BkTxCd><Domn><Cd>PMNT</Cd><Fmly><Cd>RDDT</Cd><SubFmlyCd>ESDD</SubFmlyCd></Fmly></Domn><Prtry><Cd>NDDT+105</Cd><Issr>DK</Issr></Prtry></BkTxCd><RltdPties><Dbtr><Nm>Richard Mcmaster</Nm></Dbtr><Cdtr><Nm>PayPal (Europe) S.a.r.l. et Cie., S.C.A.</Nm></Cdtr></RltdPties><RmtInf><Ustrd>Referenz 1006930692699 PP.3223.PP P</Ustrd><Ustrd>AYPAL</Ustrd><Ustrd>Mandat 4UAJ224MZLD7U</Ustrd><Ustrd>Einreicher-ID LU96ZZZ00000000000000</Ustrd><Ustrd>00058</Ustrd><Ustrd>PP.3223.PP . GOOGLE, Ihr Einkauf be</Ustrd><Ustrd>i GOOGLE</Ustrd></RmtInf></TxDtls></NtryDtls></Ntry><Ntry><Amt Ccy="EUR">6.99</Amt><CdtDbtInd>DBIT</CdtDbtInd><Sts>BOOK</Sts><BookgDt><Dt>2019-10-22</Dt></BookgDt><ValDt><Dt>2019-10-22</Dt></ValDt><BkTxCd><Domn><Cd>PMNT</Cd><Fmly><Cd>RDDT</Cd><SubFmlyCd>ESDD</SubFmlyCd></Fmly></Domn><Prtry><Cd>NDDT+105</Cd><Issr>DK</Issr></Prtry></BkTxCd><NtryDtls><TxDtls><BkTxCd><Domn><Cd>PMNT</Cd><Fmly><Cd>RDDT</Cd><SubFmlyCd>ESDD</SubFmlyCd></Fmly></Domn><Prtry><Cd>NDDT+105</Cd><Issr>DK</Issr></Prtry></BkTxCd><RltdPties><Dbtr><Nm>Richard Mcmaster</Nm></Dbtr><Cdtr><Nm>PayPal (Europe) S.a.r.l. et Cie., S.C.A.</Nm></Cdtr></RltdPties><RmtInf><Ustrd>Referenz 1006909062691 PP.3223.PP P</Ustrd><Ustrd>AYPAL</Ustrd><Ustrd>Mandat 4UAJ224MZLD7U</Ustrd><Ustrd>Einreicher-ID LU96ZZZ00000000000000</Ustrd><Ustrd>00058</Ustrd><Ustrd>PP.3223.PP . ITUNESAPPST, Ihr Einka</Ustrd><Ustrd>uf bei ITUNESAPPST</Ustrd></RmtInf></TxDtls></NtryDtls></Ntry><Ntry><Amt Ccy="EUR">100.00</Amt><CdtDbtInd>DBIT</CdtDbtInd><Sts>BOOK</Sts><BookgDt><Dt>2019-10-22</Dt></BookgDt><ValDt><Dt>2019-10-22</Dt></ValDt><BkTxCd><Domn><Cd>PMNT</Cd><Fmly><Cd>ICDT</Cd><SubFmlyCd>ESCT</SubFmlyCd></Fmly></Domn><Prtry><Cd>NCMI+116</Cd><Issr>DK</Issr></Prtry></BkTxCd><NtryDtls><TxDtls><BkTxCd><Domn><Cd>PMNT</Cd><Fmly><Cd>ICDT</Cd><SubFmlyCd>ESCT</SubFmlyCd></Fmly></Domn><Prtry><Cd>NCMI+116</Cd><Issr>DK</Issr></Prtry></BkTxCd><RltdPties><Dbtr><Nm>Richard Mcmaster</Nm></Dbtr><Cdtr><Nm>Richard McMaster (smile)</Nm></Cdtr></RltdPties><RmtInf/></TxDtls></NtryDtls></Ntry><Ntry><Amt Ccy="EUR">100.00</Amt><CdtDbtInd>DBIT</CdtDbtInd><Sts>BOOK</Sts><BookgDt><Dt>2019-10-21</Dt></BookgDt><ValDt><Dt>2019-10-21</Dt></ValDt><BkTxCd><Domn><Cd>PMNT</Cd><Fmly><Cd>CCRD</Cd><SubFmlyCd>OTHR</SubFmlyCd></Fmly></Domn><Prtry><Cd>NDDT+106</Cd><Issr>DK</Issr></Prtry></BkTxCd><NtryDtls><TxDtls><BkTxCd><Domn><Cd>PMNT</Cd><Fmly><Cd>CCRD</Cd><SubFmlyCd>OTHR</SubFmlyCd></Fmly></Domn><Prtry><Cd>NDDT+106</Cd><Issr>DK</Issr></Prtry></BkTxCd><RltdPties><Dbtr><Nm>Richard Mcmaster</Nm></Dbtr><Cdtr><Nm>DEUTSCHE BANK</Nm></Cdtr></RltdPties><RmtInf><Ustrd>Referenz 07001745322128191019115606</Ustrd><Ustrd>Mandat 989877</Ustrd><Ustrd>Einreicher-ID DE7600200000132558</Ustrd><Ustrd>Deutsche Bank//Berlin/DE</Ustrd><Ustrd>Terminal 07001745</Ustrd><Ustrd>2019-10-19T11:56:06</Ustrd><Ustrd>Folgenr. 004 Verfalld. 2012</Ustrd></RmtInf></TxDtls></NtryDtls></Ntry><Ntry><Amt Ccy="EUR">32.52</Amt><CdtDbtInd>DBIT</CdtDbtInd><Sts>BOOK</Sts><BookgDt><Dt>2019-10-18</Dt></BookgDt><ValDt><Dt>2019-10-18</Dt></ValDt><BkTxCd><Domn><Cd>PMNT</Cd><Fmly><Cd>RDDT</Cd><SubFmlyCd>ESDD</SubFmlyCd></Fmly></Domn><Prtry><Cd>NDDT+105</Cd><Issr>DK</Issr></Prtry></BkTxCd><NtryDtls><TxDtls><BkTxCd><Domn><Cd>PMNT</Cd><Fmly><Cd>RDDT</Cd><SubFmlyCd>ESDD</SubFmlyCd></Fmly></Domn><Prtry><Cd>NDDT+105</Cd><Issr>DK</Issr></Prtry></BkTxCd><RltdPties><Dbtr><Nm>Richard Mcmaster</Nm></Dbtr><Cdtr><Nm>Vodafone GmbH</Nm></Cdtr></RltdPties><RmtInf><Ustrd>Referenz 0000109069486 001342800023</Ustrd><Ustrd>3</Ustrd><Ustrd>Mandat DE04KMMC000109069486T0173751</Ustrd><Ustrd>65</Ustrd><Ustrd>Einreicher-ID DE26ZZZ00000006194</Ustrd><Ustrd>0000109069486 0013428000233 Rechnun</Ustrd><Ustrd>gsnr: 116536907664 Vodafone sagt vi</Ustrd><Ustrd>elen Dank</Ustrd></RmtInf></TxDtls></NtryDtls></Ntry><Ntry><Amt Ccy="EUR">43.98</Amt><CdtDbtInd>DBIT</CdtDbtInd><Sts>BOOK</Sts><BookgDt><Dt>2019-10-17</Dt></BookgDt><ValDt><Dt>2019-10-17</Dt></ValDt><BkTxCd><Domn><Cd>PMNT</Cd><Fmly><Cd>RDDT</Cd><SubFmlyCd>ESDD</SubFmlyCd></Fmly></Domn><Prtry><Cd>NDDT+105</Cd><Issr>DK</Issr></Prtry></BkTxCd><NtryDtls><TxDtls><BkTxCd><Domn><Cd>PMNT</Cd><Fmly><Cd>RDDT</Cd><SubFmlyCd>ESDD</SubFmlyCd></Fmly></Domn><Prtry><Cd>NDDT+105</Cd><Issr>DK</Issr></Prtry></BkTxCd><RltdPties><Dbtr><Nm>Richard Mcmaster</Nm></Dbtr><Cdtr><Nm>Vodafone Kabel Deutschland GmbH</Nm></Cdtr></RltdPties><RmtInf><Ustrd>Referenz RECHNR. 100671296386</Ustrd><Ustrd>Mandat KD020007705588</Ustrd><Ustrd>Einreicher-ID DE20KD000000058294</Ustrd><Ustrd>10/2019 K-NR. 332339728 Ihre Rechnu</Ustrd><Ustrd>ng online bei www.vodafone.de/meink</Ustrd><Ustrd>abel</Ustrd></RmtInf></TxDtls></NtryDtls></Ntry><Ntry><Amt Ccy="EUR">5.00</Amt><CdtDbtInd>DBIT</CdtDbtInd><Sts>BOOK</Sts><BookgDt><Dt>2019-10-15</Dt></BookgDt><ValDt><Dt>2019-10-15</Dt></ValDt><BkTxCd><Domn><Cd>PMNT</Cd><Fmly><Cd>RDDT</Cd><SubFmlyCd>ESDD</SubFmlyCd></Fmly></Domn><Prtry><Cd>NDDT+105</Cd><Issr>DK</Issr></Prtry></BkTxCd><NtryDtls><TxDtls><BkTxCd><Domn><Cd>PMNT</Cd><Fmly><Cd>RDDT</Cd><SubFmlyCd>ESDD</SubFmlyCd></Fmly></Domn><Prtry><Cd>NDDT+105</Cd><Issr>DK</Issr></Prtry></BkTxCd><RltdPties><Dbtr><Nm>Richard Mcmaster</Nm></Dbtr><Cdtr><Nm>Greenpeace e.V.</Nm></Cdtr></RltdPties><RmtInf><Ustrd>Referenz 14873701</Ustrd><Ustrd>Mandat 2019-11024309</Ustrd><Ustrd>Einreicher-ID DE06GPD00000328012</Ustrd><Ustrd>LX-5310059864-53580937-Foerdererbei</Ustrd><Ustrd>trag Danke.</Ustrd></RmtInf></TxDtls></NtryDtls></Ntry><Ntry><Amt Ccy="EUR">100.00</Amt><CdtDbtInd>DBIT</CdtDbtInd><Sts>BOOK</Sts><BookgDt><Dt>2019-10-14</Dt></BookgDt><ValDt><Dt>2019-10-14</Dt></ValDt><BkTxCd><Domn><Cd>PMNT</Cd><Fmly><Cd>CCRD</Cd><SubFmlyCd>OTHR</SubFmlyCd></Fmly></Domn><Prtry><Cd>NDDT+106</Cd><Issr>DK</Issr></Prtry></BkTxCd><NtryDtls><TxDtls><BkTxCd><Domn><Cd>PMNT</Cd><Fmly><Cd>CCRD</Cd><SubFmlyCd>OTHR</SubFmlyCd></Fmly></Domn><Prtry><Cd>NDDT+106</Cd><Issr>DK</Issr></Prtry></BkTxCd><RltdPties><Dbtr><Nm>Richard Mcmaster</Nm></Dbtr><Cdtr><Nm>DEUTSCHE BANK</Nm></Cdtr></RltdPties><RmtInf><Ustrd>Referenz 07001745319762121019195140</Ustrd><Ustrd>Mandat 139771</Ustrd><Ustrd>Einreicher-ID DE7600200000132558</Ustrd><Ustrd>Deutsche Bank//Berlin/DE</Ustrd><Ustrd>Terminal 07001745</Ustrd><Ustrd>2019-10-12T19:51:40</Ustrd><Ustrd>Folgenr. 004 Verfalld. 2012</Ustrd></RmtInf></TxDtls></NtryDtls></Ntry><Ntry><Amt Ccy="EUR">29.99</Amt><CdtDbtInd>DBIT</CdtDbtInd><Sts>BOOK</Sts><BookgDt><Dt>2019-10-14</Dt></BookgDt><ValDt><Dt>2019-10-14</Dt></ValDt><BkTxCd><Domn><Cd>PMNT</Cd><Fmly><Cd>RDDT</Cd><SubFmlyCd>ESDD</SubFmlyCd></Fmly></Domn><Prtry><Cd>NDDT+105</Cd><Issr>DK</Issr></Prtry></BkTxCd><NtryDtls><TxDtls><BkTxCd><Domn><Cd>PMNT</Cd><Fmly><Cd>RDDT</Cd><SubFmlyCd>ESDD</SubFmlyCd></Fmly></Domn><Prtry><Cd>NDDT+105</Cd><Issr>DK</Issr></Prtry></BkTxCd><RltdPties><Dbtr><Nm>Richard Mcmaster</Nm></Dbtr><Cdtr><Nm>PayPal (Europe) S.a.r.l. et Cie., S.C.A.</Nm></Cdtr></RltdPties><RmtInf><Ustrd>Referenz 1006837614741 PP.3223.PP P</Ustrd><Ustrd>AYPAL</Ustrd><Ustrd>Mandat 4UAJ224MZLD7U</Ustrd><Ustrd>Einreicher-ID LU96ZZZ00000000000000</Ustrd><Ustrd>00058</Ustrd><Ustrd>PP.3223.PP . ITUNESAPPST, Ihr Einka</Ustrd><Ustrd>uf bei ITUNESAPPST</Ustrd></RmtInf></TxDtls></NtryDtls></Ntry><Ntry><Amt Ccy="EUR">2.99</Amt><CdtDbtInd>DBIT</CdtDbtInd><Sts>BOOK</Sts><BookgDt><Dt>2019-10-14</Dt></BookgDt><ValDt><Dt>2019-10-14</Dt></ValDt><BkTxCd><Domn><Cd>PMNT</Cd><Fmly><Cd>RDDT</Cd><SubFmlyCd>ESDD</SubFmlyCd></Fmly></Domn><Prtry><Cd>NDDT+105</Cd><Issr>DK</Issr></Prtry></BkTxCd><NtryDtls><TxDtls><BkTxCd><Domn><Cd>PMNT</Cd><Fmly><Cd>RDDT</Cd><SubFmlyCd>ESDD</SubFmlyCd></Fmly></Domn><Prtry><Cd>NDDT+105</Cd><Issr>DK</Issr></Prtry></BkTxCd><RltdPties><Dbtr><Nm>Richard Mcmaster</Nm></Dbtr><Cdtr><Nm>PayPal (Europe) S.a.r.l. et Cie., S.C.A.</Nm></Cdtr></RltdPties><RmtInf><Ustrd>Referenz 1006839148183 PP.3223.PP P</Ustrd><Ustrd>AYPAL</Ustrd><Ustrd>Mandat 4UAJ224MZLD7U</Ustrd><Ustrd>Einreicher-ID LU96ZZZ00000000000000</Ustrd><Ustrd>00058</Ustrd><Ustrd>PP.3223.PP . ITUNESAPPST, Ihr Einka</Ustrd><Ustrd>uf bei ITUNESAPPST</Ustrd></RmtInf></TxDtls></NtryDtls></Ntry><Ntry><Amt Ccy="EUR">6.63</Amt><CdtDbtInd>DBIT</CdtDbtInd><Sts>BOOK</Sts><BookgDt><Dt>2019-10-10</Dt></BookgDt><ValDt><Dt>2019-10-10</Dt></ValDt><BkTxCd><Domn><Cd>PMNT</Cd><Fmly><Cd>RDDT</Cd><SubFmlyCd>ESDD</SubFmlyCd></Fmly></Domn><Prtry><Cd>NDDT+105</Cd><Issr>DK</Issr></Prtry></BkTxCd><NtryDtls><TxDtls><BkTxCd><Domn><Cd>PMNT</Cd><Fmly><Cd>RDDT</Cd><SubFmlyCd>ESDD</SubFmlyCd></Fmly></Domn><Prtry><Cd>NDDT+105</Cd><Issr>DK</Issr></Prtry></BkTxCd><RltdPties><Dbtr><Nm>Richard Mcmaster</Nm></Dbtr><Cdtr><Nm>PayPal (Europe) S.a.r.l. et Cie., S.C.A.</Nm></Cdtr></RltdPties><RmtInf><Ustrd>Referenz 1006817859502 PP.3223.PP P</Ustrd><Ustrd>AYPAL</Ustrd><Ustrd>Mandat 4UAJ224MZLD7U</Ustrd><Ustrd>Einreicher-ID LU96ZZZ00000000000000</Ustrd><Ustrd>00058</Ustrd><Ustrd>PP.3223.PP . GITHUB INC, Ihr Einkau</Ustrd><Ustrd>f bei GITHUB INC</Ustrd></RmtInf></TxDtls></NtryDtls></Ntry><Ntry><Amt Ccy="EUR">44.95</Amt><CdtDbtInd>DBIT</CdtDbtInd><Sts>BOOK</Sts><BookgDt><Dt>2019-10-08</Dt></BookgDt><ValDt><Dt>2019-10-08</Dt></ValDt><BkTxCd><Domn><Cd>PMNT</Cd><Fmly><Cd>RDDT</Cd><SubFmlyCd>ESDD</SubFmlyCd></Fmly></Domn><Prtry><Cd>NDDT+105</Cd><Issr>DK</Issr></Prtry></BkTxCd><NtryDtls><TxDtls><BkTxCd><Domn><Cd>PMNT</Cd><Fmly><Cd>RDDT</Cd><SubFmlyCd>ESDD</SubFmlyCd></Fmly></Domn><Prtry><Cd>NDDT+105</Cd><Issr>DK</Issr></Prtry></BkTxCd><RltdPties><Dbtr><Nm>Richard Mcmaster</Nm></Dbtr><Cdtr><Nm>AMAZON PAYMENTS EUROPE S.C.A.</Nm></Cdtr></RltdPties><RmtInf><Ustrd>Referenz 7FMOF4FCGI7Z5HUY</Ustrd><Ustrd>Mandat jQ,?AyzzJEXllxOSMVMhF-kH9J(.</Ustrd><Ustrd>Fp</Ustrd><Ustrd>Einreicher-ID DE94ZZZ00000561653</Ustrd><Ustrd>302-3888902-0566713 AMZN Mktp DE 7F</Ustrd><Ustrd>MOF4FCGI7Z5HUY</Ustrd></RmtInf></TxDtls></NtryDtls></Ntry><Ntry><Amt Ccy="EUR">6.00</Amt><CdtDbtInd>DBIT</CdtDbtInd><Sts>BOOK</Sts><BookgDt><Dt>2019-10-08</Dt></BookgDt><ValDt><Dt>2019-10-08</Dt></ValDt><BkTxCd><Domn><Cd>PMNT</Cd><Fmly><Cd>RDDT</Cd><SubFmlyCd>ESDD</SubFmlyCd></Fmly></Domn><Prtry><Cd>NDDT+105</Cd><Issr>DK</Issr></Prtry></BkTxCd><NtryDtls><TxDtls><BkTxCd><Domn><Cd>PMNT</Cd><Fmly><Cd>RDDT</Cd><SubFmlyCd>ESDD</SubFmlyCd></Fmly></Domn><Prtry><Cd>NDDT+105</Cd><Issr>DK</Issr></Prtry></BkTxCd><RltdPties><Dbtr><Nm>Richard Mcmaster</Nm></Dbtr><Cdtr><Nm>atmosfair gGmbH</Nm></Cdtr></RltdPties><RmtInf><Ustrd>Referenz E7A32B409F</Ustrd><Ustrd>Mandat P000011357-10109382552019100</Ustrd><Ustrd>3190413</Ustrd><Ustrd>Einreicher-ID DE62ZZZ00000060933</Ustrd><Ustrd>E7A32B409F atmosfair gGmbH Berlin</Ustrd></RmtInf></TxDtls></NtryDtls></Ntry><Ntry><Amt Ccy="EUR">24.01</Amt><CdtDbtInd>DBIT</CdtDbtInd><Sts>BOOK</Sts><BookgDt><Dt>2019-10-08</Dt></BookgDt><ValDt><Dt>2019-10-08</Dt></ValDt><BkTxCd><Domn><Cd>PMNT</Cd><Fmly><Cd>RDDT</Cd><SubFmlyCd>ESDD</SubFmlyCd></Fmly></Domn><Prtry><Cd>NDDT+105</Cd><Issr>DK</Issr></Prtry></BkTxCd><NtryDtls><TxDtls><BkTxCd><Domn><Cd>PMNT</Cd><Fmly><Cd>RDDT</Cd><SubFmlyCd>ESDD</SubFmlyCd></Fmly></Domn><Prtry><Cd>NDDT+105</Cd><Issr>DK</Issr></Prtry></BkTxCd><RltdPties><Dbtr><Nm>Richard Mcmaster</Nm></Dbtr><Cdtr><Nm>AMAZON EU S.A R.L., NIEDERLASSUNG DEUTSCHLAND</Nm></Cdtr></RltdPties><RmtInf><Ustrd>Referenz 22HXFQ0M8DTGPPE1</Ustrd><Ustrd>Mandat jQ,?AyzzJEXllxOSMVMhF-kH9J(.</Ustrd><Ustrd>Fp</Ustrd><Ustrd>Einreicher-ID DE24ZZZ00000561652</Ustrd><Ustrd>302-5134395-7313954 Amazon.de 22HXF</Ustrd><Ustrd>Q0M8DTGPPE1</Ustrd></RmtInf></TxDtls></NtryDtls></Ntry><Ntry><Amt Ccy="EUR">2.50</Amt><CdtDbtInd>DBIT</CdtDbtInd><Sts>BOOK</Sts><BookgDt><Dt>2019-10-04</Dt></BookgDt><ValDt><Dt>2019-10-04</Dt></ValDt><BkTxCd><Domn><Cd>PMNT</Cd><Fmly><Cd>RDDT</Cd><SubFmlyCd>ESDD</SubFmlyCd></Fmly></Domn><Prtry><Cd>NDDT+105</Cd><Issr>DK</Issr></Prtry></BkTxCd><NtryDtls><TxDtls><BkTxCd><Domn><Cd>PMNT</Cd><Fmly><Cd>RDDT</Cd><SubFmlyCd>ESDD</SubFmlyCd></Fmly></Domn><Prtry><Cd>NDDT+105</Cd><Issr>DK</Issr></Prtry></BkTxCd><RltdPties><Dbtr><Nm>Richard Mcmaster</Nm></Dbtr><Cdtr><Nm>Deutsche Bahn Connect GmbH</Nm></Cdtr></RltdPties><RmtInf><Ustrd>Referenz 68242581909251</Ustrd><Ustrd>Mandat 682425800</Ustrd><Ustrd>Einreicher-ID DE89DBR00000002150</Ustrd><Ustrd>See Avis 68242581909251 or:</Ustrd><Ustrd>abweichender Auftraggeber</Ustrd><Ustrd>LIDL-BIKE</Ustrd></RmtInf></TxDtls></NtryDtls></Ntry><Ntry><Amt Ccy="EUR">9.99</Amt><CdtDbtInd>DBIT</CdtDbtInd><Sts>BOOK</Sts><BookgDt><Dt>2019-10-04</Dt></BookgDt><ValDt><Dt>2019-10-04</Dt></ValDt><BkTxCd><Domn><Cd>PMNT</Cd><Fmly><Cd>RDDT</Cd><SubFmlyCd>ESDD</SubFmlyCd></Fmly></Domn><Prtry><Cd>NDDT+105</Cd><Issr>DK</Issr></Prtry></BkTxCd><NtryDtls><TxDtls><BkTxCd><Domn><Cd>PMNT</Cd><Fmly><Cd>RDDT</Cd><SubFmlyCd>ESDD</SubFmlyCd></Fmly></Domn><Prtry><Cd>NDDT+105</Cd><Issr>DK</Issr></Prtry></BkTxCd><RltdPties><Dbtr><Nm>Richard Mcmaster</Nm></Dbtr><Cdtr><Nm>SPOTIFY</Nm></Cdtr></RltdPties><RmtInf><Ustrd>Referenz C1315699386539702C</Ustrd><Ustrd>Mandat 1515095450503914</Ustrd><Ustrd>Einreicher-ID NL74ZZZ342764500017</Ustrd><Ustrd>Spotify P0CF8C67F5</Ustrd><Ustrd>abweichender Auftraggeber</Ustrd><Ustrd>Spotify</Ustrd></RmtInf></TxDtls></NtryDtls></Ntry><Ntry><Amt Ccy="EUR">14.90</Amt><CdtDbtInd>DBIT</CdtDbtInd><Sts>BOOK</Sts><BookgDt><Dt>2019-10-02</Dt></BookgDt><ValDt><Dt>2019-10-02</Dt></ValDt><BkTxCd><Domn><Cd>PMNT</Cd><Fmly><Cd>RDDT</Cd><SubFmlyCd>ESDD</SubFmlyCd></Fmly></Domn><Prtry><Cd>NDDT+105</Cd><Issr>DK</Issr></Prtry></BkTxCd><NtryDtls><TxDtls><BkTxCd><Domn><Cd>PMNT</Cd><Fmly><Cd>RDDT</Cd><SubFmlyCd>ESDD</SubFmlyCd></Fmly></Domn><Prtry><Cd>NDDT+105</Cd><Issr>DK</Issr></Prtry></BkTxCd><RltdPties><Dbtr><Nm>Richard Mcmaster</Nm></Dbtr><Cdtr><Nm>PayPal (Europe) S.a.r.l. et Cie., S.C.A.</Nm></Cdtr></RltdPties><RmtInf><Ustrd>Referenz 1006747756866 PAYPAL</Ustrd><Ustrd>Mandat 4UAJ224MZLD7U</Ustrd><Ustrd>Einreicher-ID LU96ZZZ00000000000000</Ustrd><Ustrd>00058</Ustrd><Ustrd>. UNIQLOEUROP, Ihr Einkauf bei UNIQ</Ustrd><Ustrd>LOEUROP</Ustrd></RmtInf></TxDtls></NtryDtls></Ntry><Ntry><Amt Ccy="EUR">134.07</Amt><CdtDbtInd>DBIT</CdtDbtInd><Sts>BOOK</Sts><BookgDt><Dt>2019-10-01</Dt></BookgDt><ValDt><Dt>2019-10-01</Dt></ValDt><BkTxCd><Domn><Cd>PMNT</Cd><Fmly><Cd>ICDT</Cd><SubFmlyCd>ESCT</SubFmlyCd></Fmly></Domn><Prtry><Cd>NCMI+116</Cd><Issr>DK</Issr></Prtry></BkTxCd><NtryDtls><TxDtls><BkTxCd><Domn><Cd>PMNT</Cd><Fmly><Cd>ICDT</Cd><SubFmlyCd>ESCT</SubFmlyCd></Fmly></Domn><Prtry><Cd>NCMI+116</Cd><Issr>DK</Issr></Prtry></BkTxCd><RltdPties><Dbtr><Nm>Richard Mcmaster</Nm></Dbtr><Cdtr><Nm>Mediserv</Nm></Cdtr></RltdPties><RmtInf><Ustrd>X664847826</Ustrd></RmtInf></TxDtls></NtryDtls></Ntry><Ntry><Amt Ccy="EUR">39.14</Amt><CdtDbtInd>DBIT</CdtDbtInd><Sts>BOOK</Sts><BookgDt><Dt>2019-10-01</Dt></BookgDt><ValDt><Dt>2019-10-01</Dt></ValDt><BkTxCd><Domn><Cd>PMNT</Cd><Fmly><Cd>RDDT</Cd><SubFmlyCd>ESDD</SubFmlyCd></Fmly></Domn><Prtry><Cd>NDDT+105</Cd><Issr>DK</Issr></Prtry></BkTxCd><NtryDtls><TxDtls><BkTxCd><Domn><Cd>PMNT</Cd><Fmly><Cd>RDDT</Cd><SubFmlyCd>ESDD</SubFmlyCd></Fmly></Domn><Prtry><Cd>NDDT+105</Cd><Issr>DK</Issr></Prtry></BkTxCd><RltdPties><Dbtr><Nm>Richard Mcmaster</Nm></Dbtr><Cdtr><Nm>HDI Lebensversicherung AG</Nm></Cdtr></RltdPties><RmtInf><Ustrd>Referenz 050029882437</Ustrd><Ustrd>Mandat M-200-004-894-652-4</Ustrd><Ustrd>Einreicher-ID DE74ZZZ00000051890</Ustrd><Ustrd>40-013288538/HDI Leben/Forderung10/</Ustrd><Ustrd>19</Ustrd></RmtInf></TxDtls></NtryDtls></Ntry><Ntry><Amt Ccy="EUR">238.40</Amt><CdtDbtInd>DBIT</CdtDbtInd><Sts>BOOK</Sts><BookgDt><Dt>2019-10-01</Dt></BookgDt><ValDt><Dt>2019-10-01</Dt></ValDt><BkTxCd><Domn><Cd>PMNT</Cd><Fmly><Cd>RDDT</Cd><SubFmlyCd>ESDD</SubFmlyCd></Fmly></Domn><Prtry><Cd>NDDT+105</Cd><Issr>DK</Issr></Prtry></BkTxCd><NtryDtls><TxDtls><BkTxCd><Domn><Cd>PMNT</Cd><Fmly><Cd>RDDT</Cd><SubFmlyCd>ESDD</SubFmlyCd></Fmly></Domn><Prtry><Cd>NDDT+105</Cd><Issr>DK</Issr></Prtry></BkTxCd><RltdPties><Dbtr><Nm>Richard Mcmaster</Nm></Dbtr><Cdtr><Nm>Mcmaster Richard</Nm></Cdtr></RltdPties><RmtInf><Ustrd>Referenz 200736340/1</Ustrd><Ustrd>Mandat 000053176000001</Ustrd><Ustrd>Einreicher-ID DE08ZZZ00000011659</Ustrd><Ustrd>CONSORS FINANZ VERTRAGS-NR. ESN 531</Ustrd><Ustrd>7602016ABBUCHUNG PER 1.10.2019</Ustrd></RmtInf></TxDtls></NtryDtls></Ntry><Ntry><Amt Ccy="EUR">500.00</Amt><CdtDbtInd>DBIT</CdtDbtInd><Sts>BOOK</Sts><BookgDt><Dt>2019-10-01</Dt></BookgDt><ValDt><Dt>2019-10-01</Dt></ValDt><BkTxCd><Domn><Cd>PMNT</Cd><Fmly><Cd>ICDT</Cd><SubFmlyCd>STDO</SubFmlyCd></Fmly></Domn><Prtry><Cd>NCMI+117</Cd><Issr>DK</Issr></Prtry></BkTxCd><NtryDtls><TxDtls><BkTxCd><Domn><Cd>PMNT</Cd><Fmly><Cd>ICDT</Cd><SubFmlyCd>STDO</SubFmlyCd></Fmly></Domn><Prtry><Cd>NCMI+117</Cd><Issr>DK</Issr></Prtry></BkTxCd><RltdPties><Dbtr><Nm>Richard Mcmaster</Nm></Dbtr><Cdtr><Nm>RICHARD MCMASTER (TAGESGELD)</Nm></Cdtr></RltdPties><RmtInf/></TxDtls></NtryDtls></Ntry><Ntry><Amt Ccy="EUR">400.00</Amt><CdtDbtInd>DBIT</CdtDbtInd><Sts>BOOK</Sts><BookgDt><Dt>2019-10-01</Dt></BookgDt><ValDt><Dt>2019-10-01</Dt></ValDt><BkTxCd><Domn><Cd>PMNT</Cd><Fmly><Cd>ICDT</Cd><SubFmlyCd>STDO</SubFmlyCd></Fmly></Domn><Prtry><Cd>NCMI+117</Cd><Issr>DK</Issr></Prtry></BkTxCd><NtryDtls><TxDtls><BkTxCd><Domn><Cd>PMNT</Cd><Fmly><Cd>ICDT</Cd><SubFmlyCd>STDO</SubFmlyCd></Fmly></Domn><Prtry><Cd>NCMI+117</Cd><Issr>DK</Issr></Prtry></BkTxCd><RltdPties><Dbtr><Nm>Richard Mcmaster</Nm></Dbtr><Cdtr><Nm>RICHARD MCMASTER (N26)</Nm></Cdtr></RltdPties><RmtInf><Ustrd>TRANSFER FROM POSTBANK</Ustrd></RmtInf></TxDtls></NtryDtls></Ntry><Ntry><Amt Ccy="EUR">425.00</Amt><CdtDbtInd>DBIT</CdtDbtInd><Sts>BOOK</Sts><BookgDt><Dt>2019-10-01</Dt></BookgDt><ValDt><Dt>2019-10-01</Dt></ValDt><BkTxCd><Domn><Cd>PMNT</Cd><Fmly><Cd>ICDT</Cd><SubFmlyCd>STDO</SubFmlyCd></Fmly></Domn><Prtry><Cd>NCMI+117</Cd><Issr>DK</Issr></Prtry></BkTxCd><NtryDtls><TxDtls><BkTxCd><Domn><Cd>PMNT</Cd><Fmly><Cd>ICDT</Cd><SubFmlyCd>STDO</SubFmlyCd></Fmly></Domn><Prtry><Cd>NCMI+117</Cd><Issr>DK</Issr></Prtry></BkTxCd><RltdPties><Dbtr><Nm>Richard Mcmaster</Nm></Dbtr><Cdtr><Nm>CLAUDIA WOLF</Nm></Cdtr></RltdPties><RmtInf><Ustrd>MIETE</Ustrd></RmtInf></TxDtls></NtryDtls></Ntry><Ntry><Amt Ccy="EUR">11.70</Amt><CdtDbtInd>DBIT</CdtDbtInd><Sts>BOOK</Sts><BookgDt><Dt>2019-09-30</Dt></BookgDt><ValDt><Dt>2019-09-30</Dt></ValDt><BkTxCd><Domn><Cd>ACMT</Cd><Fmly><Cd>OPCL</Cd><SubFmlyCd>ACCC</SubFmlyCd></Fmly></Domn><Prtry><Cd>NCHG+805</Cd><Issr>DK</Issr></Prtry></BkTxCd><NtryDtls><TxDtls><BkTxCd><Domn><Cd>ACMT</Cd><Fmly><Cd>OPCL</Cd><SubFmlyCd>ACCC</SubFmlyCd></Fmly></Domn><Prtry><Cd>NCHG+805</Cd><Issr>DK</Issr></Prtry></BkTxCd><RltdPties><Dbtr><Nm>Richard Mcmaster</Nm></Dbtr><Cdtr><Nm></Nm></Cdtr></RltdPties><RmtInf/></TxDtls></NtryDtls></Ntry><Ntry><Amt Ccy="EUR">2.49</Amt><CdtDbtInd>DBIT</CdtDbtInd><Sts>BOOK</Sts><BookgDt><Dt>2019-09-30</Dt></BookgDt><ValDt><Dt>2019-09-30</Dt></ValDt><BkTxCd><Domn><Cd>PMNT</Cd><Fmly><Cd>CCRD</Cd><SubFmlyCd>OTHR</SubFmlyCd></Fmly></Domn><Prtry><Cd>NDDT+106</Cd><Issr>DK</Issr></Prtry></BkTxCd><NtryDtls><TxDtls><BkTxCd><Domn><Cd>PMNT</Cd><Fmly><Cd>CCRD</Cd><SubFmlyCd>OTHR</SubFmlyCd></Fmly></Domn><Prtry><Cd>NDDT+106</Cd><Issr>DK</Issr></Prtry></BkTxCd><RltdPties><Dbtr><Nm>Richard Mcmaster</Nm></Dbtr><Cdtr><Nm>McPaper AG</Nm></Cdtr></RltdPties><RmtInf><Ustrd>Referenz 69594498031576280919151607</Ustrd><Ustrd>Mandat 230703</Ustrd><Ustrd>Einreicher-ID DE70ZZZ00000221324</Ustrd><Ustrd>McPaper AG//Berlin/DE</Ustrd><Ustrd>Terminal 69594498</Ustrd><Ustrd>2019-09-28T15:16:07</Ustrd><Ustrd>Folgenr. 04 Verfalld. 2012</Ustrd></RmtInf></TxDtls></NtryDtls></Ntry><Ntry><Amt Ccy="EUR">830.00</Amt><CdtDbtInd>DBIT</CdtDbtInd><Sts>BOOK</Sts><BookgDt><Dt>2019-09-30</Dt></BookgDt><ValDt><Dt>2019-09-30</Dt></ValDt><BkTxCd><Domn><Cd>LDAS</Cd><Fmly><Cd>FTLN</Cd><SubFmlyCd>OTHR</SubFmlyCd></Fmly></Domn><Prtry><Cd>NCMI+601</Cd><Issr>DK</Issr></Prtry></BkTxCd><NtryDtls><TxDtls><BkTxCd><Domn><Cd>LDAS</Cd><Fmly><Cd>FTLN</Cd><SubFmlyCd>OTHR</SubFmlyCd></Fmly></Domn><Prtry><Cd>NCMI+601</Cd><Issr>DK</Issr></Prtry></BkTxCd><RltdPties><Dbtr><Nm>Richard Mcmaster</Nm></Dbtr><Cdtr><Nm>Postbank NDL DB PFK</Nm></Cdtr></RltdPties><RmtInf><Ustrd>Referenz 60289884262019</Ustrd><Ustrd>Ratenkredit 1035716633, Leistungen</Ustrd><Ustrd>zum 30.09.2019</Ustrd></RmtInf></TxDtls></NtryDtls></Ntry><Ntry><Amt Ccy="EUR">100.00</Amt><CdtDbtInd>DBIT</CdtDbtInd><Sts>BOOK</Sts><BookgDt><Dt>2019-09-30</Dt></BookgDt><ValDt><Dt>2019-09-28</Dt></ValDt><BkTxCd><Domn><Cd>PMNT</Cd><Fmly><Cd>CNTR</Cd><SubFmlyCd>CWDL</SubFmlyCd></Fmly></Domn><Prtry><Cd>NDDT+083</Cd><Issr>DK</Issr></Prtry></BkTxCd><NtryDtls><TxDtls><BkTxCd><Domn><Cd>PMNT</Cd><Fmly><Cd>CNTR</Cd><SubFmlyCd>CWDL</SubFmlyCd></Fmly></Domn><Prtry><Cd>NDDT+083</Cd><Issr>DK</Issr></Prtry></BkTxCd><RltdPties><Dbtr><Nm>Richard Mcmaster</Nm></Dbtr><Cdtr><Nm></Nm></Cdtr></RltdPties><RmtInf><Ustrd>PGA 55501270 KRT0004/12.20</Ustrd><Ustrd>28.09 15.10 TA-NR. 008662</Ustrd><Ustrd>12043 Berlin Karl-Marx-Str.</Ustrd><Ustrd> 66</Ustrd></RmtInf></TxDtls></NtryDtls></Ntry><Ntry><Amt Ccy="EUR">393.96</Amt><CdtDbtInd>DBIT</CdtDbtInd><Sts>BOOK</Sts><BookgDt><Dt>2019-09-27</Dt></BookgDt><ValDt><Dt>2019-09-27</Dt></ValDt><BkTxCd><Domn><Cd>PMNT</Cd><Fmly><Cd>RDDT</Cd><SubFmlyCd>ESDD</SubFmlyCd></Fmly></Domn><Prtry><Cd>NDDT+105</Cd><Issr>DK</Issr></Prtry></BkTxCd><NtryDtls><TxDtls><BkTxCd><Domn><Cd>PMNT</Cd><Fmly><Cd>RDDT</Cd><SubFmlyCd>ESDD</SubFmlyCd></Fmly></Domn><Prtry><Cd>NDDT+105</Cd><Issr>DK</Issr></Prtry></BkTxCd><RltdPties><Dbtr><Nm>Richard Mcmaster</Nm></Dbtr><Cdtr><Nm>PayPal (Europe) S.a.r.l. et Cie., S.C.A.</Nm></Cdtr></RltdPties><RmtInf><Ustrd>Referenz 1006701273995 PP.3223.PP P</Ustrd><Ustrd>AYPAL</Ustrd><Ustrd>Mandat 4UAJ224MZLD7U</Ustrd><Ustrd>Einreicher-ID LU96ZZZ00000000000000</Ustrd><Ustrd>00058</Ustrd><Ustrd>PP.3223.PP . RYANAIR, Ihr Einkauf b</Ustrd><Ustrd>ei RYANAIR</Ustrd></RmtInf></TxDtls></NtryDtls></Ntry><Ntry><Amt Ccy="EUR">48.75</Amt><CdtDbtInd>DBIT</CdtDbtInd><Sts>BOOK</Sts><BookgDt><Dt>2019-09-25</Dt></BookgDt><ValDt><Dt>2019-09-25</Dt></ValDt><BkTxCd><Domn><Cd>PMNT</Cd><Fmly><Cd>CCRD</Cd><SubFmlyCd>OTHR</SubFmlyCd></Fmly></Domn><Prtry><Cd>NDDT+106</Cd><Issr>DK</Issr></Prtry></BkTxCd><NtryDtls><TxDtls><BkTxCd><Domn><Cd>PMNT</Cd><Fmly><Cd>CCRD</Cd><SubFmlyCd>OTHR</SubFmlyCd></Fmly></Domn><Prtry><Cd>NDDT+106</Cd><Issr>DK</Issr></Prtry></BkTxCd><RltdPties><Dbtr><Nm>Richard Mcmaster</Nm></Dbtr><Cdtr><Nm>DM DROGERIEMARKT SAGT DANKE</Nm></Cdtr></RltdPties><RmtInf><Ustrd>Referenz 65100457592761210919192028</Ustrd><Ustrd>Mandat OFFLINE</Ustrd><Ustrd>Einreicher-ID DE32ZZZ00000500592</Ustrd><Ustrd>DM FIL.1162 H:65100//BERLIN/DE</Ustrd><Ustrd>Terminal 65100457</Ustrd><Ustrd>2019-09-21T19:20:28</Ustrd><Ustrd>Folgenr. 04 Verfalld. 2012</Ustrd></RmtInf></TxDtls></NtryDtls></Ntry><Ntry><Amt Ccy="EUR">3291.66</Amt><CdtDbtInd>CRDT</CdtDbtInd><Sts>BOOK</Sts><BookgDt><Dt>2019-09-25</Dt></BookgDt><ValDt><Dt>2019-09-25</Dt></ValDt><BkTxCd><Domn><Cd>PMNT</Cd><Fmly><Cd>RCDT</Cd><SubFmlyCd>SALA</SubFmlyCd></Fmly></Domn><Prtry><Cd>NTRF+153</Cd><Issr>DK</Issr></Prtry></BkTxCd><NtryDtls><TxDtls><BkTxCd><Domn><Cd>PMNT</Cd><Fmly><Cd>RCDT</Cd><SubFmlyCd>SALA</SubFmlyCd></Fmly></Domn><Prtry><Cd>NTRF+153</Cd><Issr>DK</Issr></Prtry></BkTxCd><RltdPties><Dbtr><Nm>plista GmbH</Nm></Dbtr><Cdtr><Nm>Richard Mcmaster</Nm></Cdtr></RltdPties><RmtInf><Ustrd>Referenz 6926604390-000084</Ustrd><Ustrd>Verwendungszweck</Ustrd><Ustrd>Lohn - Gehalt Abrechnung 09/2019</Ustrd></RmtInf></TxDtls></NtryDtls></Ntry><Ntry><Amt Ccy="EUR">8.00</Amt><CdtDbtInd>DBIT</CdtDbtInd><Sts>BOOK</Sts><BookgDt><Dt>2019-09-25</Dt></BookgDt><ValDt><Dt>2019-09-25</Dt></ValDt><BkTxCd><Domn><Cd>PMNT</Cd><Fmly><Cd>RDDT</Cd><SubFmlyCd>ESDD</SubFmlyCd></Fmly></Domn><Prtry><Cd>NDDT+105</Cd><Issr>DK</Issr></Prtry></BkTxCd><NtryDtls><TxDtls><BkTxCd><Domn><Cd>PMNT</Cd><Fmly><Cd>RDDT</Cd><SubFmlyCd>ESDD</SubFmlyCd></Fmly></Domn><Prtry><Cd>NDDT+105</Cd><Issr>DK</Issr></Prtry></BkTxCd><RltdPties><Dbtr><Nm>Richard Mcmaster</Nm></Dbtr><Cdtr><Nm>PayPal (Europe) S.a.r.l. et Cie., S.C.A.</Nm></Cdtr></RltdPties><RmtInf><Ustrd>Referenz 1006688149471 PP.3223.PP P</Ustrd><Ustrd>AYPAL</Ustrd><Ustrd>Mandat 4UAJ224MZLD7U</Ustrd><Ustrd>Einreicher-ID LU96ZZZ00000000000000</Ustrd><Ustrd>00058</Ustrd><Ustrd>PP.3223.PP . NEWYORKTIME, Ihr Einka</Ustrd><Ustrd>uf bei NEWYORKTIME</Ustrd></RmtInf></TxDtls></NtryDtls></Ntry><Ntry><Amt Ccy="EUR">9.99</Amt><CdtDbtInd>DBIT</CdtDbtInd><Sts>BOOK</Sts><BookgDt><Dt>2019-09-24</Dt></BookgDt><ValDt><Dt>2019-09-24</Dt></ValDt><BkTxCd><Domn><Cd>PMNT</Cd><Fmly><Cd>RDDT</Cd><SubFmlyCd>ESDD</SubFmlyCd></Fmly></Domn><Prtry><Cd>NDDT+105</Cd><Issr>DK</Issr></Prtry></BkTxCd><NtryDtls><TxDtls><BkTxCd><Domn><Cd>PMNT</Cd><Fmly><Cd>RDDT</Cd><SubFmlyCd>ESDD</SubFmlyCd></Fmly></Domn><Prtry><Cd>NDDT+105</Cd><Issr>DK</Issr></Prtry></BkTxCd><RltdPties><Dbtr><Nm>Richard Mcmaster</Nm></Dbtr><Cdtr><Nm>PayPal (Europe) S.a.r.l. et Cie., S.C.A.</Nm></Cdtr></RltdPties><RmtInf><Ustrd>Referenz 1006667926751 PP.3223.PP P</Ustrd><Ustrd>AYPAL</Ustrd><Ustrd>Mandat 4UAJ224MZLD7U</Ustrd><Ustrd>Einreicher-ID LU96ZZZ00000000000000</Ustrd><Ustrd>00058</Ustrd><Ustrd>PP.3223.PP . GOOGLE, Ihr Einkauf be</Ustrd><Ustrd>i GOOGLE</Ustrd></RmtInf></TxDtls></NtryDtls></Ntry><Ntry><Amt Ccy="EUR">90.21</Amt><CdtDbtInd>DBIT</CdtDbtInd><Sts>BOOK</Sts><BookgDt><Dt>2019-09-23</Dt></BookgDt><ValDt><Dt>2019-09-23</Dt></ValDt><BkTxCd><Domn><Cd>PMNT</Cd><Fmly><Cd>CCRD</Cd><SubFmlyCd>OTHR</SubFmlyCd></Fmly></Domn><Prtry><Cd>NDDT+106</Cd><Issr>DK</Issr></Prtry></BkTxCd><NtryDtls><TxDtls><BkTxCd><Domn><Cd>PMNT</Cd><Fmly><Cd>CCRD</Cd><SubFmlyCd>OTHR</SubFmlyCd></Fmly></Domn><Prtry><Cd>NDDT+106</Cd><Issr>DK</Issr></Prtry></BkTxCd><RltdPties><Dbtr><Nm>Richard Mcmaster</Nm></Dbtr><Cdtr><Nm>REWE Markt GmbH</Nm></Cdtr></RltdPties><RmtInf><Ustrd>Referenz 56004949302523210919151931</Ustrd><Ustrd>Mandat OFFLINE</Ustrd><Ustrd>Einreicher-ID DE58ZZZ00000257236</Ustrd><Ustrd>REWE SAGT DANKE. 42400775//Berlin N</Ustrd><Ustrd>eukoelln/DE</Ustrd><Ustrd>Terminal 56004949</Ustrd><Ustrd>2019-09-21T15:19:31</Ustrd><Ustrd>Folgenr. 04 Verfalld. 2012</Ustrd></RmtInf></TxDtls></NtryDtls></Ntry><Ntry><Amt Ccy="EUR">200.00</Amt><CdtDbtInd>DBIT</CdtDbtInd><Sts>BOOK</Sts><BookgDt><Dt>2019-09-23</Dt></BookgDt><ValDt><Dt>2019-09-23</Dt></ValDt><BkTxCd><Domn><Cd>PMNT</Cd><Fmly><Cd>ICDT</Cd><SubFmlyCd>ESCT</SubFmlyCd></Fmly></Domn><Prtry><Cd>NCMI+116</Cd><Issr>DK</Issr></Prtry></BkTxCd><NtryDtls><TxDtls><BkTxCd><Domn><Cd>PMNT</Cd><Fmly><Cd>ICDT</Cd><SubFmlyCd>ESCT</SubFmlyCd></Fmly></Domn><Prtry><Cd>NCMI+116</Cd><Issr>DK</Issr></Prtry></BkTxCd><RltdPties><Dbtr><Nm>Richard Mcmaster</Nm></Dbtr><Cdtr><Nm>RICHARD MCMASTER (N26)</Nm></Cdtr></RltdPties><RmtInf/></TxDtls></NtryDtls></Ntry><Ntry><Amt Ccy="EUR">32.24</Amt><CdtDbtInd>DBIT</CdtDbtInd><Sts>BOOK</Sts><BookgDt><Dt>2019-09-18</Dt></BookgDt><ValDt><Dt>2019-09-18</Dt></ValDt><BkTxCd><Domn><Cd>PMNT</Cd><Fmly><Cd>RDDT</Cd><SubFmlyCd>ESDD</SubFmlyCd></Fmly></Domn><Prtry><Cd>NDDT+105</Cd><Issr>DK</Issr></Prtry></BkTxCd><NtryDtls><TxDtls><BkTxCd><Domn><Cd>PMNT</Cd><Fmly><Cd>RDDT</Cd><SubFmlyCd>ESDD</SubFmlyCd></Fmly></Domn><Prtry><Cd>NDDT+105</Cd><Issr>DK</Issr></Prtry></BkTxCd><RltdPties><Dbtr><Nm>Richard Mcmaster</Nm></Dbtr><Cdtr><Nm>Vodafone GmbH</Nm></Cdtr></RltdPties><RmtInf><Ustrd>Referenz 0000109069486 001336555602</Ustrd><Ustrd>9</Ustrd><Ustrd>Mandat DE04KMMC000109069486T0173751</Ustrd><Ustrd>65</Ustrd><Ustrd>Einreicher-ID DE26ZZZ00000006194</Ustrd><Ustrd>0000109069486 0013365556029 Rechnun</Ustrd><Ustrd>gsnr: 116461582995 Vodafone sagt vi</Ustrd><Ustrd>elen Dank</Ustrd></RmtInf></TxDtls></NtryDtls></Ntry><Ntry><Amt Ccy="EUR">43.98</Amt><CdtDbtInd>DBIT</CdtDbtInd><Sts>BOOK</Sts><BookgDt><Dt>2019-09-17</Dt></BookgDt><ValDt><Dt>2019-09-17</Dt></ValDt><BkTxCd><Domn><Cd>PMNT</Cd><Fmly><Cd>RDDT</Cd><SubFmlyCd>ESDD</SubFmlyCd></Fmly></Domn><Prtry><Cd>NDDT+105</Cd><Issr>DK</Issr></Prtry></BkTxCd><NtryDtls><TxDtls><BkTxCd><Domn><Cd>PMNT</Cd><Fmly><Cd>RDDT</Cd><SubFmlyCd>ESDD</SubFmlyCd></Fmly></Domn><Prtry><Cd>NDDT+105</Cd><Issr>DK</Issr></Prtry></BkTxCd><RltdPties><Dbtr><Nm>Richard Mcmaster</Nm></Dbtr><Cdtr><Nm>Vodafone Kabel Deutschland GmbH</Nm></Cdtr></RltdPties><RmtInf><Ustrd>Referenz RECHNR. 100664272333</Ustrd><Ustrd>Mandat KD020007705588</Ustrd><Ustrd>Einreicher-ID DE20KD000000058294</Ustrd><Ustrd>09/2019 K-NR. 332339728 Ihre Rechnu</Ustrd><Ustrd>ng online bei www.vodafone.de/meink</Ustrd><Ustrd>abel</Ustrd></RmtInf></TxDtls></NtryDtls></Ntry><Ntry><Amt Ccy="EUR">3.00</Amt><CdtDbtInd>DBIT</CdtDbtInd><Sts>BOOK</Sts><BookgDt><Dt>2019-09-13</Dt></BookgDt><ValDt><Dt>2019-09-13</Dt></ValDt><BkTxCd><Domn><Cd>PMNT</Cd><Fmly><Cd>RDDT</Cd><SubFmlyCd>ESDD</SubFmlyCd></Fmly></Domn><Prtry><Cd>NDDT+105</Cd><Issr>DK</Issr></Prtry></BkTxCd><NtryDtls><TxDtls><BkTxCd><Domn><Cd>PMNT</Cd><Fmly><Cd>RDDT</Cd><SubFmlyCd>ESDD</SubFmlyCd></Fmly></Domn><Prtry><Cd>NDDT+105</Cd><Issr>DK</Issr></Prtry></BkTxCd><RltdPties><Dbtr><Nm>Richard Mcmaster</Nm></Dbtr><Cdtr><Nm>Deutsche Bahn Connect GmbH</Nm></Cdtr></RltdPties><RmtInf><Ustrd>Referenz 68242581909041</Ustrd><Ustrd>Mandat 682425800</Ustrd><Ustrd>Einreicher-ID DE89DBR00000002150</Ustrd><Ustrd>See Avis 68242581909041 or:</Ustrd><Ustrd>abweichender Auftraggeber</Ustrd><Ustrd>LIDL-BIKE</Ustrd></RmtInf></TxDtls></NtryDtls></Ntry><Ntry><Amt Ccy="EUR">2.99</Amt><CdtDbtInd>DBIT</CdtDbtInd><Sts>BOOK</Sts><BookgDt><Dt>2019-09-12</Dt></BookgDt><ValDt><Dt>2019-09-12</Dt></ValDt><BkTxCd><Domn><Cd>PMNT</Cd><Fmly><Cd>RDDT</Cd><SubFmlyCd>ESDD</SubFmlyCd></Fmly></Domn><Prtry><Cd>NDDT+105</Cd><Issr>DK</Issr></Prtry></BkTxCd><NtryDtls><TxDtls><BkTxCd><Domn><Cd>PMNT</Cd><Fmly><Cd>RDDT</Cd><SubFmlyCd>ESDD</SubFmlyCd></Fmly></Domn><Prtry><Cd>NDDT+105</Cd><Issr>DK</Issr></Prtry></BkTxCd><RltdPties><Dbtr><Nm>Richard Mcmaster</Nm></Dbtr><Cdtr><Nm>PayPal (Europe) S.a.r.l. et Cie., S.C.A.</Nm></Cdtr></RltdPties><RmtInf><Ustrd>Referenz 1006580569556 PP.3223.PP P</Ustrd><Ustrd>AYPAL</Ustrd><Ustrd>Mandat 4UAJ224MZLD7U</Ustrd><Ustrd>Einreicher-ID LU96ZZZ00000000000000</Ustrd><Ustrd>00058</Ustrd><Ustrd>PP.3223.PP . ITUNESAPPST, Ihr Einka</Ustrd><Ustrd>uf bei ITUNESAPPST</Ustrd></RmtInf></TxDtls></NtryDtls></Ntry><Ntry><Amt Ccy="EUR">9.18</Amt><CdtDbtInd>DBIT</CdtDbtInd><Sts>BOOK</Sts><BookgDt><Dt>2019-09-10</Dt></BookgDt><ValDt><Dt>2019-09-10</Dt></ValDt><BkTxCd><Domn><Cd>PMNT</Cd><Fmly><Cd>CCRD</Cd><SubFmlyCd>OTHR</SubFmlyCd></Fmly></Domn><Prtry><Cd>NDDT+106</Cd><Issr>DK</Issr></Prtry></BkTxCd><NtryDtls><TxDtls><BkTxCd><Domn><Cd>PMNT</Cd><Fmly><Cd>CCRD</Cd><SubFmlyCd>OTHR</SubFmlyCd></Fmly></Domn><Prtry><Cd>NDDT+106</Cd><Issr>DK</Issr></Prtry></BkTxCd><RltdPties><Dbtr><Nm>Richard Mcmaster</Nm></Dbtr><Cdtr><Nm>EDEKA 5456, BERLIN</Nm></Cdtr></RltdPties><RmtInf><Ustrd>Referenz 52068494164372090919130929</Ustrd><Ustrd>Mandat OFFLINE</Ustrd><Ustrd>Einreicher-ID DE2201100000148274</Ustrd><Ustrd>EDEKA 5456, BERLIN//BERLIN/DE</Ustrd><Ustrd>Terminal 52068494</Ustrd><Ustrd>2019-09-09T13:09:29</Ustrd><Ustrd>Folgenr. 004 Verfalld. 2012</Ustrd></RmtInf></TxDtls></NtryDtls></Ntry><Ntry><Amt Ccy="EUR">6.60</Amt><CdtDbtInd>DBIT</CdtDbtInd><Sts>BOOK</Sts><BookgDt><Dt>2019-09-10</Dt></BookgDt><ValDt><Dt>2019-09-10</Dt></ValDt><BkTxCd><Domn><Cd>PMNT</Cd><Fmly><Cd>RDDT</Cd><SubFmlyCd>ESDD</SubFmlyCd></Fmly></Domn><Prtry><Cd>NDDT+105</Cd><Issr>DK</Issr></Prtry></BkTxCd><NtryDtls><TxDtls><BkTxCd><Domn><Cd>PMNT</Cd><Fmly><Cd>RDDT</Cd><SubFmlyCd>ESDD</SubFmlyCd></Fmly></Domn><Prtry><Cd>NDDT+105</Cd><Issr>DK</Issr></Prtry></BkTxCd><RltdPties><Dbtr><Nm>Richard Mcmaster</Nm></Dbtr><Cdtr><Nm>PayPal (Europe) S.a.r.l. et Cie., S.C.A.</Nm></Cdtr></RltdPties><RmtInf><Ustrd>Referenz 1006559315037 PP.3223.PP P</Ustrd><Ustrd>AYPAL</Ustrd><Ustrd>Mandat 4UAJ224MZLD7U</Ustrd><Ustrd>Einreicher-ID LU96ZZZ00000000000000</Ustrd><Ustrd>00058</Ustrd><Ustrd>PP.3223.PP . GITHUB INC, Ihr Einkau</Ustrd><Ustrd>f bei GITHUB INC</Ustrd></RmtInf></TxDtls></NtryDtls></Ntry><Ntry><Amt Ccy="EUR">1000.00</Amt><CdtDbtInd>DBIT</CdtDbtInd><Sts>BOOK</Sts><BookgDt><Dt>2019-09-09</Dt></BookgDt><ValDt><Dt>2019-09-09</Dt></ValDt><BkTxCd><Domn><Cd>PMNT</Cd><Fmly><Cd>ICDT</Cd><SubFmlyCd>ESCT</SubFmlyCd></Fmly></Domn><Prtry><Cd>NCMI+116</Cd><Issr>DK</Issr></Prtry></BkTxCd><NtryDtls><TxDtls><BkTxCd><Domn><Cd>PMNT</Cd><Fmly><Cd>ICDT</Cd><SubFmlyCd>ESCT</SubFmlyCd></Fmly></Domn><Prtry><Cd>NCMI+116</Cd><Issr>DK</Issr></Prtry></BkTxCd><RltdPties><Dbtr><Nm>Richard Mcmaster</Nm></Dbtr><Cdtr><Nm>RICHARD MCMASTER (TAGESGELD)</Nm></Cdtr></RltdPties><RmtInf/></TxDtls></NtryDtls></Ntry><Ntry><Amt Ccy="EUR">300.00</Amt><CdtDbtInd>DBIT</CdtDbtInd><Sts>BOOK</Sts><BookgDt><Dt>2019-09-09</Dt></BookgDt><ValDt><Dt>2019-09-09</Dt></ValDt><BkTxCd><Domn><Cd>PMNT</Cd><Fmly><Cd>ICDT</Cd><SubFmlyCd>ESCT</SubFmlyCd></Fmly></Domn><Prtry><Cd>NCMI+116</Cd><Issr>DK</Issr></Prtry></BkTxCd><NtryDtls><TxDtls><BkTxCd><Domn><Cd>PMNT</Cd><Fmly><Cd>ICDT</Cd><SubFmlyCd>ESCT</SubFmlyCd></Fmly></Domn><Prtry><Cd>NCMI+116</Cd><Issr>DK</Issr></Prtry></BkTxCd><RltdPties><Dbtr><Nm>Richard Mcmaster</Nm></Dbtr><Cdtr><Nm>RICHARD MCMASTER (N26)</Nm></Cdtr></RltdPties><RmtInf/></TxDtls></NtryDtls></Ntry><Ntry><Amt Ccy="EUR">9.99</Amt><CdtDbtInd>DBIT</CdtDbtInd><Sts>BOOK</Sts><BookgDt><Dt>2019-09-03</Dt></BookgDt><ValDt><Dt>2019-09-03</Dt></ValDt><BkTxCd><Domn><Cd>PMNT</Cd><Fmly><Cd>RDDT</Cd><SubFmlyCd>ESDD</SubFmlyCd></Fmly></Domn><Prtry><Cd>NDDT+105</Cd><Issr>DK</Issr></Prtry></BkTxCd><NtryDtls><TxDtls><BkTxCd><Domn><Cd>PMNT</Cd><Fmly><Cd>RDDT</Cd><SubFmlyCd>ESDD</SubFmlyCd></Fmly></Domn><Prtry><Cd>NDDT+105</Cd><Issr>DK</Issr></Prtry></BkTxCd><RltdPties><Dbtr><Nm>Richard Mcmaster</Nm></Dbtr><Cdtr><Nm>SPOTIFY</Nm></Cdtr></RltdPties><RmtInf><Ustrd>Referenz C4615673466537895C</Ustrd><Ustrd>Mandat 1515095450503914</Ustrd><Ustrd>Einreicher-ID NL74ZZZ342764500017</Ustrd><Ustrd>Spotify P0C8F0939F</Ustrd><Ustrd>abweichender Auftraggeber</Ustrd><Ustrd>Spotify</Ustrd></RmtInf></TxDtls></NtryDtls></Ntry><Ntry><Amt Ccy="EUR">830.00</Amt><CdtDbtInd>DBIT</CdtDbtInd><Sts>BOOK</Sts><BookgDt><Dt>2019-09-02</Dt></BookgDt><ValDt><Dt>2019-09-02</Dt></ValDt><BkTxCd><Domn><Cd>LDAS</Cd><Fmly><Cd>FTLN</Cd><SubFmlyCd>OTHR</SubFmlyCd></Fmly></Domn><Prtry><Cd>NCMI+601</Cd><Issr>DK</Issr></Prtry></BkTxCd><NtryDtls><TxDtls><BkTxCd><Domn><Cd>LDAS</Cd><Fmly><Cd>FTLN</Cd><SubFmlyCd>OTHR</SubFmlyCd></Fmly></Domn><Prtry><Cd>NCMI+601</Cd><Issr>DK</Issr></Prtry></BkTxCd><RltdPties><Dbtr><Nm>Richard Mcmaster</Nm></Dbtr><Cdtr><Nm>Postbank NDL DB PFK</Nm></Cdtr></RltdPties><RmtInf><Ustrd>Referenz 60257410342019</Ustrd><Ustrd>Ratenkredit 1035716633, Leistungen</Ustrd><Ustrd>zum 31.08.2019</Ustrd></RmtInf></TxDtls></NtryDtls></Ntry><Ntry><Amt Ccy="EUR">29.22</Amt><CdtDbtInd>DBIT</CdtDbtInd><Sts>BOOK</Sts><BookgDt><Dt>2019-09-02</Dt></BookgDt><ValDt><Dt>2019-09-02</Dt></ValDt><BkTxCd><Domn><Cd>PMNT</Cd><Fmly><Cd>RDDT</Cd><SubFmlyCd>ESDD</SubFmlyCd></Fmly></Domn><Prtry><Cd>NDDT+105</Cd><Issr>DK</Issr></Prtry></BkTxCd><NtryDtls><TxDtls><BkTxCd><Domn><Cd>PMNT</Cd><Fmly><Cd>RDDT</Cd><SubFmlyCd>ESDD</SubFmlyCd></Fmly></Domn><Prtry><Cd>NDDT+105</Cd><Issr>DK</Issr></Prtry></BkTxCd><RltdPties><Dbtr><Nm>Richard Mcmaster</Nm></Dbtr><Cdtr><Nm>HUK-COBURG UNTERNEHMENSGRUPPE</Nm></Cdtr></RltdPties><RmtInf><Ustrd>Referenz 211+ZKLE 29.08.19 742/0784</Ustrd><Ustrd>50-H-14F</Ustrd><Ustrd>Mandat MR016929633</Ustrd><Ustrd>Einreicher-ID DE17ZZZ00000031285</Ustrd><Ustrd>HUK-COBURG-Allgemeine, HAUSRAT-/HAU</Ustrd><Ustrd>SHALTGLAS-VERS. 742/078450-H-14</Ustrd><Ustrd>abweichender Auftraggeber</Ustrd><Ustrd>HUK-COBURG-ALLGEMEINE VERSICHERUNG</Ustrd><Ustrd>AG</Ustrd></RmtInf></TxDtls></NtryDtls></Ntry><Ntry><Amt Ccy="EUR">238.40</Amt><CdtDbtInd>DBIT</CdtDbtInd><Sts>BOOK</Sts><BookgDt><Dt>2019-09-02</Dt></BookgDt><ValDt><Dt>2019-09-02</Dt></ValDt><BkTxCd><Domn><Cd>PMNT</Cd><Fmly><Cd>RDDT</Cd><SubFmlyCd>ESDD</SubFmlyCd></Fmly></Domn><Prtry><Cd>NDDT+105</Cd><Issr>DK</Issr></Prtry></BkTxCd><NtryDtls><TxDtls><BkTxCd><Domn><Cd>PMNT</Cd><Fmly><Cd>RDDT</Cd><SubFmlyCd>ESDD</SubFmlyCd></Fmly></Domn><Prtry><Cd>NDDT+105</Cd><Issr>DK</Issr></Prtry></BkTxCd><RltdPties><Dbtr><Nm>Richard Mcmaster</Nm></Dbtr><Cdtr><Nm>Mcmaster Richard</Nm></Cdtr></RltdPties><RmtInf><Ustrd>Referenz 200380612/1</Ustrd><Ustrd>Mandat 000053176000001</Ustrd><Ustrd>Einreicher-ID DE08ZZZ00000011659</Ustrd><Ustrd>CONSORS FINANZ VERTRAGS-NR. ESN 531</Ustrd><Ustrd>7602016ABBUCHUNG PER 1.09.2019</Ustrd></RmtInf></TxDtls></NtryDtls></Ntry><Ntry><Amt Ccy="EUR">39.14</Amt><CdtDbtInd>DBIT</CdtDbtInd><Sts>BOOK</Sts><BookgDt><Dt>2019-09-02</Dt></BookgDt><ValDt><Dt>2019-09-02</Dt></ValDt><BkTxCd><Domn><Cd>PMNT</Cd><Fmly><Cd>RDDT</Cd><SubFmlyCd>ESDD</SubFmlyCd></Fmly></Domn><Prtry><Cd>NDDT+105</Cd><Issr>DK</Issr></Prtry></BkTxCd><NtryDtls><TxDtls><BkTxCd><Domn><Cd>PMNT</Cd><Fmly><Cd>RDDT</Cd><SubFmlyCd>ESDD</SubFmlyCd></Fmly></Domn><Prtry><Cd>NDDT+105</Cd><Issr>DK</Issr></Prtry></BkTxCd><RltdPties><Dbtr><Nm>Richard Mcmaster</Nm></Dbtr><Cdtr><Nm>HDI Lebensversicherung AG</Nm></Cdtr></RltdPties><RmtInf><Ustrd>Referenz 020028575826</Ustrd><Ustrd>Mandat M-200-004-894-652-4</Ustrd><Ustrd>Einreicher-ID DE74ZZZ00000051890</Ustrd><Ustrd>40-013288538/HDI Leben/Forderung09/</Ustrd><Ustrd>19</Ustrd></RmtInf></TxDtls></NtryDtls></Ntry><Ntry><Amt Ccy="EUR">500.00</Amt><CdtDbtInd>DBIT</CdtDbtInd><Sts>BOOK</Sts><BookgDt><Dt>2019-09-02</Dt></BookgDt><ValDt><Dt>2019-09-02</Dt></ValDt><BkTxCd><Domn><Cd>PMNT</Cd><Fmly><Cd>ICDT</Cd><SubFmlyCd>STDO</SubFmlyCd></Fmly></Domn><Prtry><Cd>NCMI+117</Cd><Issr>DK</Issr></Prtry></BkTxCd><NtryDtls><TxDtls><BkTxCd><Domn><Cd>PMNT</Cd><Fmly><Cd>ICDT</Cd><SubFmlyCd>STDO</SubFmlyCd></Fmly></Domn><Prtry><Cd>NCMI+117</Cd><Issr>DK</Issr></Prtry></BkTxCd><RltdPties><Dbtr><Nm>Richard Mcmaster</Nm></Dbtr><Cdtr><Nm>RICHARD MCMASTER (TAGESGELD)</Nm></Cdtr></RltdPties><RmtInf/></TxDtls></NtryDtls></Ntry><Ntry><Amt Ccy="EUR">400.00</Amt><CdtDbtInd>DBIT</CdtDbtInd><Sts>BOOK</Sts><BookgDt><Dt>2019-09-02</Dt></BookgDt><ValDt><Dt>2019-09-02</Dt></ValDt><BkTxCd><Domn><Cd>PMNT</Cd><Fmly><Cd>ICDT</Cd><SubFmlyCd>STDO</SubFmlyCd></Fmly></Domn><Prtry><Cd>NCMI+117</Cd><Issr>DK</Issr></Prtry></BkTxCd><NtryDtls><TxDtls><BkTxCd><Domn><Cd>PMNT</Cd><Fmly><Cd>ICDT</Cd><SubFmlyCd>STDO</SubFmlyCd></Fmly></Domn><Prtry><Cd>NCMI+117</Cd><Issr>DK</Issr></Prtry></BkTxCd><RltdPties><Dbtr><Nm>Richard Mcmaster</Nm></Dbtr><Cdtr><Nm>RICHARD MCMASTER (N26)</Nm></Cdtr></RltdPties><RmtInf><Ustrd>TRANSFER FROM POSTBANK</Ustrd></RmtInf></TxDtls></NtryDtls></Ntry><Ntry><Amt Ccy="EUR">425.00</Amt><CdtDbtInd>DBIT</CdtDbtInd><Sts>BOOK</Sts><BookgDt><Dt>2019-09-02</Dt></BookgDt><ValDt><Dt>2019-09-02</Dt></ValDt><BkTxCd><Domn><Cd>PMNT</Cd><Fmly><Cd>ICDT</Cd><SubFmlyCd>STDO</SubFmlyCd></Fmly></Domn><Prtry><Cd>NCMI+117</Cd><Issr>DK</Issr></Prtry></BkTxCd><NtryDtls><TxDtls><BkTxCd><Domn><Cd>PMNT</Cd><Fmly><Cd>ICDT</Cd><SubFmlyCd>STDO</SubFmlyCd></Fmly></Domn><Prtry><Cd>NCMI+117</Cd><Issr>DK</Issr></Prtry></BkTxCd><RltdPties><Dbtr><Nm>Richard Mcmaster</Nm></Dbtr><Cdtr><Nm>CLAUDIA WOLF</Nm></Cdtr></RltdPties><RmtInf><Ustrd>MIETE</Ustrd></RmtInf></TxDtls></NtryDtls></Ntry><Ntry><Amt Ccy="EUR">964.75</Amt><CdtDbtInd>CRDT</CdtDbtInd><Sts>BOOK</Sts><BookgDt><Dt>2019-08-30</Dt></BookgDt><ValDt><Dt>2019-08-30</Dt></ValDt><BkTxCd><Domn><Cd>PMNT</Cd><Fmly><Cd>RCDT</Cd><SubFmlyCd>ESCT</SubFmlyCd></Fmly></Domn><Prtry><Cd>NTRF+166</Cd><Issr>DK</Issr></Prtry></BkTxCd><NtryDtls><TxDtls><BkTxCd><Domn><Cd>PMNT</Cd><Fmly><Cd>RCDT</Cd><SubFmlyCd>ESCT</SubFmlyCd></Fmly></Domn><Prtry><Cd>NTRF+166</Cd><Issr>DK</Issr></Prtry></BkTxCd><RltdPties><Dbtr><Nm>Plista GmbH</Nm></Dbtr><Cdtr><Nm>Richard Mcmaster</Nm></Cdtr></RltdPties><RmtInf><Ustrd>Referenz 0000070000ZV001380Z</Ustrd><Ustrd>RK95001236</Ustrd></RmtInf></TxDtls></NtryDtls></Ntry><Ntry><Amt Ccy="EUR">8.50</Amt><CdtDbtInd>DBIT</CdtDbtInd><Sts>BOOK</Sts><BookgDt><Dt>2019-08-30</Dt></BookgDt><ValDt><Dt>2019-08-30</Dt></ValDt><BkTxCd><Domn><Cd>PMNT</Cd><Fmly><Cd>RDDT</Cd><SubFmlyCd>ESDD</SubFmlyCd></Fmly></Domn><Prtry><Cd>NDDT+105</Cd><Issr>DK</Issr></Prtry></BkTxCd><NtryDtls><TxDtls><BkTxCd><Domn><Cd>PMNT</Cd><Fmly><Cd>RDDT</Cd><SubFmlyCd>ESDD</SubFmlyCd></Fmly></Domn><Prtry><Cd>NDDT+105</Cd><Issr>DK</Issr></Prtry></BkTxCd><RltdPties><Dbtr><Nm>Richard Mcmaster</Nm></Dbtr><Cdtr><Nm>Deutsche Bahn Connect GmbH</Nm></Cdtr></RltdPties><RmtInf><Ustrd>Referenz 68242581908211</Ustrd><Ustrd>Mandat 682425800</Ustrd><Ustrd>Einreicher-ID DE89DBR00000002150</Ustrd><Ustrd>See Avis 68242581908211 or:</Ustrd><Ustrd>abweichender Auftraggeber</Ustrd><Ustrd>LIDL-BIKE</Ustrd></RmtInf></TxDtls></NtryDtls></Ntry><Ntry><Amt Ccy="EUR">4.00</Amt><CdtDbtInd>DBIT</CdtDbtInd><Sts>BOOK</Sts><BookgDt><Dt>2019-08-29</Dt></BookgDt><ValDt><Dt>2019-08-29</Dt></ValDt><BkTxCd><Domn><Cd>PMNT</Cd><Fmly><Cd>RDDT</Cd><SubFmlyCd>ESDD</SubFmlyCd></Fmly></Domn><Prtry><Cd>NDDT+105</Cd><Issr>DK</Issr></Prtry></BkTxCd><NtryDtls><TxDtls><BkTxCd><Domn><Cd>PMNT</Cd><Fmly><Cd>RDDT</Cd><SubFmlyCd>ESDD</SubFmlyCd></Fmly></Domn><Prtry><Cd>NDDT+105</Cd><Issr>DK</Issr></Prtry></BkTxCd><RltdPties><Dbtr><Nm>Richard Mcmaster</Nm></Dbtr><Cdtr><Nm>PayPal (Europe) S.a.r.l. et Cie., S.C.A.</Nm></Cdtr></RltdPties><RmtInf><Ustrd>Referenz 1006454844358 PP.3223.PP P</Ustrd><Ustrd>AYPAL</Ustrd><Ustrd>Mandat 4UAJ224MZLD7U</Ustrd><Ustrd>Einreicher-ID LU96ZZZ00000000000000</Ustrd><Ustrd>00058</Ustrd><Ustrd>PP.3223.PP . NEWYORKTIME, Ihr Einka</Ustrd><Ustrd>uf bei NEWYORKTIME</Ustrd></RmtInf></TxDtls></NtryDtls></Ntry><Ntry><Amt Ccy="EUR">3288.66</Amt><CdtDbtInd>CRDT</CdtDbtInd><Sts>BOOK</Sts><BookgDt><Dt>2019-08-27</Dt></BookgDt><ValDt><Dt>2019-08-27</Dt></ValDt><BkTxCd><Domn><Cd>PMNT</Cd><Fmly><Cd>RCDT</Cd><SubFmlyCd>SALA</SubFmlyCd></Fmly></Domn><Prtry><Cd>NTRF+153</Cd><Issr>DK</Issr></Prtry></BkTxCd><NtryDtls><TxDtls><BkTxCd><Domn><Cd>PMNT</Cd><Fmly><Cd>RCDT</Cd><SubFmlyCd>SALA</SubFmlyCd></Fmly></Domn><Prtry><Cd>NTRF+153</Cd><Issr>DK</Issr></Prtry></BkTxCd><RltdPties><Dbtr><Nm>plista GmbH</Nm></Dbtr><Cdtr><Nm>Richard Mcmaster</Nm></Cdtr></RltdPties><RmtInf><Ustrd>Referenz 6923419559-000085</Ustrd><Ustrd>Verwendungszweck</Ustrd><Ustrd>Lohn - Gehalt Abrechnung 08/2019</Ustrd></RmtInf></TxDtls></NtryDtls></Ntry><Ntry><Amt Ccy="EUR">92.36</Amt><CdtDbtInd>DBIT</CdtDbtInd><Sts>BOOK</Sts><BookgDt><Dt>2019-08-26</Dt></BookgDt><ValDt><Dt>2019-08-26</Dt></ValDt><BkTxCd><Domn><Cd>PMNT</Cd><Fmly><Cd>CCRD</Cd><SubFmlyCd>OTHR</SubFmlyCd></Fmly></Domn><Prtry><Cd>NDDT+106</Cd><Issr>DK</Issr></Prtry></BkTxCd><NtryDtls><TxDtls><BkTxCd><Domn><Cd>PMNT</Cd><Fmly><Cd>CCRD</Cd><SubFmlyCd>OTHR</SubFmlyCd></Fmly></Domn><Prtry><Cd>NDDT+106</Cd><Issr>DK</Issr></Prtry></BkTxCd><RltdPties><Dbtr><Nm>Richard Mcmaster</Nm></Dbtr><Cdtr><Nm>REWE Ilka Schilling oHG</Nm></Cdtr></RltdPties><RmtInf><Ustrd>Referenz 56026771244020240819164454</Ustrd><Ustrd>Mandat OFFLINE</Ustrd><Ustrd>Einreicher-ID DE16RPA00000020245</Ustrd><Ustrd>REWE SAGT DANKE. 42655475//Berlin B</Ustrd><Ustrd>ritz/DE</Ustrd><Ustrd>Terminal 56026771</Ustrd><Ustrd>2019-08-24T16:44:54</Ustrd><Ustrd>Folgenr. 04 Verfalld. 2012</Ustrd></RmtInf></TxDtls></NtryDtls></Ntry><AddtlRptInf>Summe der Umstze in den nchsten 14 Tagen -1582.150000000 EUR</AddtlRptInf></Rpt></BkToCstmrAcctRpt></document>